3216 5022
485 335 493 366 Ι
778 335 883 342 ἡ..

333 455 446 536 Neque
469 475 548 521 vero
571 455 606 521 in
630 457 798 538 explorato
820 476 967 523 sermone
983 456 1080 522 unius
1097 454 1279 538 scriptoris
1304 475 1416 536 quam-

244 560 296 627 vis
320 561 377 627 ille
402 563 446 627 sit
469 562 585 645 gravis
611 568 645 628 et
667 563 701 628 in
725 564 846 629 scholis
871 566 926 630 vel
950 565 1038 630 solus
1063 564 1252 646 imitandus,
1284 563 1415 643 acquie-

245 670 399 734 scendum
430 689 513 752 esse,
545 672 612 755 sed,
644 676 682 737 ιιι
713 692 791 754 vera
819 693 867 759 acl
888 672 1023 758 propria
1054 671 1161 738 dativi
1184 691 1270 754 poss.
1296 679 1415 737 natura

243 775 474 858 perspiciatur,
499 778 655 856 quomodo
679 778 741 844 ille
760 784 809 844 et
817 780 905 866 apud
918 778 1047 862 priores
1064 783 1098 844 et
1113 780 1201 861 apud
1215 779 1414 860 posteriores

244 881 422 965 scriptores
454 889 640 969 usurpetur,
671 886 933 976 persequendum
964 905 1037 952 esse
1069 885 1141 968 ipse
1166 887 1241 951 Soh.
1272 885 1416 950 affirmat

244 995 288 1073 et,
319 995 357 1055 ιιι
386 1009 427 1054 ex
458 991 605 1056 omnibus
637 991 852 1074 scriptoribus
884 993 998 1058 latinis
1023 993 1129 1058 dativi
1152 1012 1239 1074 poss.
1266 992 1414 1073 exempla

244 1104 474 1180 congerantur,
500 1098 788 1164 vehementissime
812 1105 905 1181 optat
928 1100 1015 1180 (Sch.
1041 1120 1071 1180 p.
1101 1103 1164 1179 ll).
1214 1101 1330 1178 itaque
1355 1117 1413 1162 nos

244 1204 383 1288 quidem,
416 1211 453 1270 ut
476 1207 524 1270 ab·
540 1205 635 1271 initio
659 1212 857 1289 repetamus,
888 1205 1070 1288 priscorum
1099 1207 1296 1288 scriptorum
1320 1224 1413 1286 prae-

244 1311 443 1378 stantissimi
467 1311 500 1376 in
525 1331 564 1377 ea
588 1332 624 1378 re
648 1332 741 1378 usum
765 1319 803 1378 ut
825 1315 886 1379 hoc
912 1314 1173 1380 commentariolo
1191 1319 1414 1379 scrutaremur

243 1419 336 1485 nobis
359 1419 596 1501 proposuimus.
631 1419 977 1514 Circumspicientibus
994 1427 1114 1504 autem,
1139 1439 1299 1502 quaenam
1316 1420 1412 1484 huius

241 1526 349 1608 operis
373 1525 561 1592 adiumenta
584 1529 772 1612 habeamus
797 1529 890 1594 nobis
915 1525 1058 1614 Poinoi)
1083 1529 1214 1595 libellus
1238 1529 1272 1594 in
1297 1546 1436 1592 manus·

241 1634 343 1720 venit,
382 1634 415 1699 in
453 1655 525 1718 quo,
564 1635 758 1716 quicumque
797 1638 883 1719 apud
917 1638 1044 1718 priscos
1077 1637 1258 1718 scriptores
1289 1635 1411 1728 latinos

241 1747 426 1826 occurrant,
452 1742 582 1808 dativos
597 1749 772 1827 congestos
786 1765 861 1810 esse
874 1749 989 1810 auctor
1001 1744 1035 1810 in
1048 1744 1210 1826 prooemio
1225 1743 1412 1828 profitetur3

242 1849 301 1914 sed
325 1849 365 1914 de
389 1849 460 1914 eius
484 1849 547 1914 fide
572 1850 649 1930 quid
673 1851 718 1916 sit
740 1851 960 1935 iudicandum,
990 1871 1053 1918 non
1078 1851 1148 1916 sine
1172 1851 1285 1931 aliqua
1309 1849 1411 1914 admi-

241 1955 370 2021 ratione
408 1956 577 2022 doceberis
617 1958 731 2023 tabula
766 1957 800 2023 in
831 1958 1012 2040 appendice
1042 1958 1133 2024 hisce
1165 1957 1253 2023 foliis
1285 1956 1409 2022 addita.

242 2063 321 2129 Cum
358 2063 464 2147 igitur
500 2064 549 2130 illi
586 2085 700 2146 parum
737 2065 899 2132 confidere
929 2066 1055 2150 liceret,
1095 2085 1153 2131 nos
1183 2064 1273 2146 ipsos
1306 2063 1412 2128 omnia

241 2172 353 2238 Plauti
383 2172 548 2239 volumina
579 2174 684 2240 denuo
715 2172 946 2257 pervestigare
970 2180 1069 2254 atque
1094 2178 1250 2238 excutere
1275 2189 1411 2238 necesse
1507 2187 1511 2194 ·

242 2278 315 2344 fuit.

331 2387 395 2453 Sed
419 2393 604 2472 antequam,
629 2408 713 2470 ‘luae
735 2388 770 2454 in
787 2389 847 2454 tali
863 2408 961 2470 opere
973 2388 1170 2474 invenimus,
1195 2386 1409 2469 proferamus,

243 2494 349 2560 dativi
371 2514 458 2576 poss.
484 2502 518 2561 et
541 2500 661 2561 natura
685 2500 718 2561 et
741 2496 834 2579 regio
859 2497 1054 2578 explicanda
1077 2495 1170 2562 nobis
1186 2495 1320 2560 videtur
1336 2511 1410 2558 esse

241 2608 342 2683 atque
358 2602 552 2686 definienda,
576 2608 622 2681 ut,
648 2603 725 2684 quid
741 2603 909 2684 pertineat
924 2605 966 2668 ad
983 2611 1130 2669 nostram
1143 2601 1410 2685 disputationem,

242 2711 320 2790 quid
350 2730 423 2795 non,
456 2710 538 2776 satis
570 2711 615 2775 sit
645 2711 861 2792 exploratum.
916 2711 966 2778 Ea
999 2710 1148 2790 quaestio
1181 2729 1253 2775 cum
1283 2729 1303 2774 a
1336 2709 1410 2774 Sch.

241 2823 336 2883 tanta
359 2817 534 2900 diligentia
558 2822 592 2882 et
616 2819 692 2882 subt
693 2817 802 2884 ilitate
769 2817 871 2884 tesit
895 2818 975 2883 insti
949 2818 1060 2900 t'tuta,
1095 2824 1130 2882 ut
1153 2819 1212 2882 vix
1236 2817 1290 2899 sit,
1325 2817 1411 2896 qnod

241 2943 450 3006 opponamus,
475 2923 590 2994 exiis
616 2924 756 3004 quaein
781 2944 818 2990 eo
842 2944 964 3007 genere
988 2925 1100 3006 disput
1101 2923 1171 3008 at‚'
1170 2943 1253 3005 quae
1270 2923 1410 2988 maxima

241 3038 274 3097 et
298 3031 498 3114 gravissima
522 3031 678 3096 videntur
701 3033 764 3097 huc
788 3031 1002 3097 ascribemus.

249 3152 252 3157 ’
330 3138 468 3219 Propria
492 3137 577 3203 enirn
600 3137 692 3203 tertii
718 3157 813 3203 casus
837 3138 871 3203 vi
895 3143 995 3218 atque
1018 3137 1146 3221 origine
1169 3137 1217 3203 ita
1241 3137 1412 3221 inquisita,

241 3249 279 3310 ut
309 3245 340 3311 ei
370 3246 532 3311 notionem
562 3247 617 3311 vel
647 3246 808 3327 propositi
836 3247 891 3311 vel
915 3245 988 3329 loci,
1020 3264 1115 3326 quem
1140 3246 1212 3325 quis
1237 3253 1411 3311 assecutus

242 3353 297 3438 sit,
321 3353 479 3436 vindicet,
504 3353 545 3418 ad
569 3354 653 3418 hanc
677 3352 932 3434 disputationem
956 3354 1046 3418 illam
1072 3354 1174 3418 solam
1199 3353 1306 3418 dativi
1322 3361 1410 3434 pote·

243 3466 364 3526 statem
388 3460 551 3540 quadrare
583 3461 717 3541 exponit
741 3465 784 3541 (p.
813 3464 875 3544 12),
908 3481 972 3541 qua
1001 3461 1089 3526 notio
1115 3463 1319 3541 (personas.
1345 3464 1411 3538 res)

242 3567 355 3633 dativo
380 3566 555 3648 designata
578 3567 618 3651 ei,
650 3567 735 3647 quod
765 3567 923 3633 universa
955 3567 1120 3633 enuntiati
1145 3567 1311 3632 sententia
1336 3585 1410 3630 oon-

243 3675 397 3759 tineatur‚
428 3673 537 3753 aliquo
567 3674 661 3739 modo
693 3674 822 3740 dicatur
852 3675 961 3740 affinis
993 3693 1067 3739 esse
1091 3673 1239 3758 („Kasus
1271 3673 1329 3737 der
1358 3672 1411 3736 be-

242 3781 568 3865 teiligtenSphdre“,
593 3782 756 3865 thnast‚
781 3782 989 3864 Liv.Synt.).
1028 3783 1112 3847 Esse
1137 3787 1247 3847 autem
1262 3778 1412 3845 notiones

242 3889 303 3954 tali
327 3889 489 3954 societate
512 3887 648 3954 adiunct
634 3895 686 3954 tas
704 3894 763 3953 aut
779 3889 997 3974 necessarias,
1023 3889 1071 3954 ita
1088 3893 1134 3972 ut,
1159 3888 1224 3953 nisi
1239 3891 1411 3970 ponantur,

243 3995 408 4121 enuntiati
447 3996 613 4062 sententia
652 4015 768 4061 manca
807 3995 862 4080 sit
902 4001 961 4061 aut
998 4016 1062 4062 non
1096 3995 1314 4079 necessariae,
1355 3995 1413 4060 sed

329 4117 510 4215 ¹)H.Peiue‚
531 4146 571 4198 De
591 4145 677 4200 dativi
696 4161 746 4198 usu
765 4146 839 4214 apud
857 4147 960 4214 priseos
980 4147 1127 4216 scriptores
1147 4146 1195 4200 lat'
1175 4151 1253 4214 tanos
1273 4147 1308 4200 ad
1322 4161 1413 4198 omues

243 4227 271 4282 iu
290 4227 462 4296 philosophia
482 4226 642 4280 honoreet
614 4232 666 4281 ιιι.
705 4226 884 4295 Argentorati
906 4233 982 4282 1878.

831 4475 850 4504 ⁸!
