3216 5022
707 337 805 432 ,21

263 553 305 614 28
330 547 457 614 omnino
481 549 515 613 ll.
541 547 802 614 enumeravimus
826 547 954 613 illorum
972 544 1253 612 substantivorum
1269 565 1342 610 ver·

171 654 295 720 balium
320 675 391 720 oum
416 654 528 721 dativo
553 661 587 721 et
609 657 711 721 verbo
736 653 945 721 substantivo
970 652 1225 719 coniunctorum.

382 866 426 958 ll.
457 868 544 958 Res
572 892 627 958 ea
656 866 737 973 est,
767 890 890 984 quae
917 863 1132 984 possidet.

262 1030 333 1096 Hoc
373 1028 407 1095 in
444 1049 567 1112 genere
604 1029 691 1111 apud
722 1028 788 1094 Cio.
819 1048 917 1094 unam
949 1029 1148 1109 eandemque
1180 1027 1342 1094 notionem

171 1137 351 1219 possideri:
383 1137 503 1202 loeus
534 1136 665 1222 (3lies),
704 1142 738 1201 et
776 1136 897 1218 ubique
934 1136 1098 1202 translate
1131 1130 1342 1216 ‘potestatem

170 1243 311 1309 alicuius
342 1234 400 1309 rei'
434 1242 611 1326 designare
635 1245 709 1310 Sch.
736 1244 780 1327 (p.
808 1247 862 1324 23)
893 1243 1075 1324 affirmat¹l
1122 1241 1213 1326 Quod
1243 1261 1341 1306 voea-

170 1351 281 1416 bulum
311 1370 331 1416 a
363 1351 430 1416 Cio.
463 1351 603 1417 omnium
634 1350 828 1432 saepissime
860 1351 1001 1429 (omnino
1035 1350 1139 1431 59ies)
1172 1369 1243 1414 oum
1274 1349 1341 1416 dat.

169 1477 257 1548 poss.
289 1457 497 1524 coniunctum
536 1477 636 1539 supra
675 1458 996 1524 commemoravimus
1036 1458 1178 1524 alienum
1217 1476 1290 1522 esse
1322 1475 1342 1520 a

170 1564 284 1630 Plauti
315 1583 472 1631 sermone.
519 1566 584 1632 Sed
614 1565 710 1631 huius
742 1586 822 1632 usus
848 1585 919 1631 oum
942 1566 977 1631 in
1001 1565 1077 1632 aliis
1101 1564 1249 1648 partibus
1273 1568 1341 1630 tum

170 1671 204 1738 in
235 1673 296 1737 hoo
327 1692 449 1755 genere
481 1673 589 1738 dativi
618 1693 705 1755 poss.
737 1675 838 1740 multo
870 1673 1027 1740 Cicerone
1058 1673 1192 1740 liberior
1222 1678 1274 1738 est
1308 1677 1343 1738 et

170 1779 278 1863 magis
308 1780 431 1846 varius,
478 1781 561 1846 Nam
592 1781 679 1862 apud
708 1783 758 1847 Pl.
791 1782 956 1864 quaslibet
986 1781 1136 1848 notiones
1167 1780 1277 1861 aliqua
1305 1800 1341 1845 re

171 1887 334 1969 possideri
357 1891 526 1954 structura
550 1889 657 1955 dativi
679 1909 766 1971 poss.
791 1889 966 1972 indicatur,
991 1909 1097 1972 neque
1120 1893 1196 1956 suut
1219 1890 1342 1955 multae

172 2015 283 2061 earum
322 2014 404 2076 quas
434 1995 470 2062 in
500 2001 596 2078 parte
627 1997 653 2063 I.
685 1997 889 2063 instituimus
921 1996 1087 2063 notionum
1116 2016 1341 2079 possessarum

172 2103 308 2187 classes,
333 2122 468 2184 quarum
493 2124 556 2171 non
579 2104 634 2172 hio
659 2125 786 2186 quoque
810 2105 962 2171 invenias
986 2105 1143 2188 vestigia.

261 2211 371 2290 Atque
400 2209 434 2275 id
464 2212 606 2277 alterum
637 2211 778 2279 interest
807 2211 895 2278 inter
917 2212 1030 2278 Plauti
1060 2217 1094 2278 et
1118 2211 1284 2278 Ciceronis
1308 2211 1341 2276 in

174 2317 237 2381 hae
267 2337 302 2383 re
333 2319 612 2402 consuetudinem,
644 2321 730 2400 quod
761 2339 825 2403 res,
857 2339 940 2401 quae
965 2319 1043 2400 quid
1066 2319 1224 2404 possidet,
1255 2320 1342 2400 apud

174 2423 261 2487 huno
283 2424 402 2506 ubique
427 2431 479 2492 est
502 2428 685 2510 abstraota,
709 2427 797 2509 apud
820 2426 912 2492 illum
929 2427 1043 2493 erebro
1060 2428 1158 2493 etiam
1177 2434 1340 2494 concreta.

270 2585 304 2667 a)
327 2585 424 2669 Res,
449 2605 554 2667 quae
579 2586 677 2667 quid
700 2587 914 2671 possidet,
939 2592 1143 2653 concreta
1167 2594 1242 2654 est.

262 2710 331 2795 221²)
355 2711 451 2776 Most.
484 2714 635 2794 763165:
666 2713 755 2776 Nom
786 2713 838 2777 ille
862 2717 896 2776 eo
920 2713 1042 2776 meiero
1065 2713 1142 2776 dior
1165 2719 1256 2798 opero
1278 2715 1344 2777 sliri

170 2819 355 2901 ererrapldm
382 2820 473 2902 petit,
507 2818 509 2906 l
540 2821 626 2898 Quia
657 2821 715 2884 isti
745 2825 804 2902 (so.
837 2821 984 2903 exemplo
1016 2821 1167 2905 [Muster]
1200 2821 1343 2904 aedium)

168 2925 356 2990 'cimbrum
380 2929 515 2992 audiuit
537 2934 603 2992 osse
626 2934 743 2992 aestate
764 2929 953 3012 perdentem.

262 3034 338 3117 Sbss)
363 3034 460 3099 Poeno.
488 3037 609 3119 214115
617 3062 628 3099 :
659 3036 769 3120 Neque
801 3057 959 3118 umquam
989 3036 1071 3099 sotis
1102 3035 1162 3098 huo
1184 3035 1267 3098 deluo
1290 3055 1340 3097 res

170 3145 341 3221 orarentur,
369 3139 372 3228 l
398 3142 508 3225 Neque
531 3149 575 3206 ets
599 3144 667 3208 ullu
690 3143 834 3207 amandi
856 3148 936 3206 sulr‘s
958 3143 1140 3206 satietas
1164 3146 1218 3206 ost.

260 3247 337 3331 3bp')
361 3249 477 3313 Pseud.
506 3251 675 3332 1250151:
709 3251 870 3334 Muynurn
899 3251 957 3314 hoe
986 3250 1146 3314 oratiam
1175 3249 1307 3313 oossaosr:
1334 3246 1337 3315 l

169 3353 268 3417 Peda's
291 3361 401 3440 captat
418 3364 580 3442 perimam,
606 3361 742 3424 luotdtor
764 3359 915 3422 dolosust.

260 3464 333 3548 shy)
357 3464 472 3530 Buooh.
503 3468 591 3530 953:
617 3451 768 3530 illelmo
791 3466 895 3550 fuisse
918 3465 1038 3530 audiui
1060 3465 1161 3548 frito.

261 3572 335 3656 aoy)
359 3572 477 3638 Bacch.
507 3576 595 3638 956:
627 3574 731 3638 Paria
761 3575 838 3638 item
863 3575 928 3638 naa
951 3581 996 3637 eis
1020 3573 1124 3637 tribus
1146 3577 1227 3636 solut
1248 3571 1341 3654 frito

168 3681 279 3740 nostro
303 3678 380 3742 huie
403 3663 475 3745 llio.

260 3786 333 3870 shy)
357 3787 477 3870 Amph.
498 3789 583 3851 312:
608 3787 712 3851 Hoeid
734 3788 860 3851 rualeno
883 3789 960 3852 loreia
975 3793 1021 3851 esi
1033 3789 1200 3872 pondus
1213 3807 1335 3870 pupae.

261 3919 282 3986 ¹)
301 3918 354 3972 Sed
372 3920 439 3973 haee
451 3918 479 3972 in
494 3937 527 3973 ea
539 3920 658 3974 maxime
671 3921 839 3990 possessione
853 3921 955 3987 valent,
975 3937 1056 3988 quam
1069 3919 1243 3974 ‘absolutam’
1262 3927 1341 3973 vocat

168 3997 228 4052 Sch.
265 3999 298 4053 ln
317 4015 348 4053 eo
368 4007 460 4054 autem
479 4016 579 4070 genere
598 4002 781 4071 possessionis,
808 4019 889 4070 quam
907 4000 1139 4056 ‘determinatam’
1162 4001 1237 4068 dicit,
1258 4001 1341 4055 etiam

167 4081 296 4147 ‘sonum’,
324 4083 451 4148 ‘vocem’,
478 4081 620 4149 ‘quiddam
639 4081 778 4151 medium’,
802 4085 963 4150 maturam,
991 4081 1184 4151 ‘religionem’,
1203 4081 1340 4147 ‘fontem’,

166 4159 348 4229 ‘principium’
371 4163 411 4232 (l)
431 4161 553 4231 possidet
572 4161 666 4229 aliqua
685 4179 737 4218 res
756 4166 791 4231 (v.
811 4163 870 4218 Soh.
891 4181 916 4232 p.
937 4164 991 4228 24).

258 4241 279 4308 ²)
298 4242 373 4297 Haeo
396 4242 476 4313 signa
499 4247 563 4298 sunt
587 4243 690 4312 eadem,
717 4244 814 4311 quibus
833 4260 924 4299 rerum
944 4259 1129 4313 possessarum
1148 4258 1250 4312 genera
1268 4242 1296 4296 in
1318 4243 1340 4297 l.

167 4319 315 4390 designata
334 4329 407 4379 sunt.
