3216 5022
569 287 571 292 ’
706 291 812 392 m„

260 505 335 572 Huc
364 525 462 588 posse
492 505 629 589 adiungi
659 506 793 574 videtum
822 507 959 574 verbum
987 493 1232 589 ‘imperium'
1257 503 1344 591 apud

170 614 238 680 Cic.
263 632 350 696 poss.
376 615 545 680 structura
567 633 737 698 nusquam,
761 614 849 696 apud
864 615 913 682 Pl.
939 614 1064 681 duobus
1088 616 1123 681 ll.
1148 633 1342 682 occurrens:

170 723 260 788 Pers.
286 723 370 786 343:
402 721 516 784 Meum
545 712 980 806 opinor‘imperiumssi]
1009 728 1048 786 ia
1071 728 1107 804 te,
1138 744 1208 787 noa
1230 724 1269 786 in
1293 728 1348 786 nni

170 829 269 908 tibist,
294 828 382 894 Mea.
399 829 503 894 1030:
528 829 626 892 Irobeo
641 829 749 909 icirole,
773 828 914 912 siquid
935 830 1125 914 irnperist
1145 830 1184 893 ia
1207 832 1237 894 to
1249 829 1342 895 mati.

532 1042 690 1131 p)Le1,
714 1061 813 1126 mos,
837 1041 988 1108 modus.

260 1167 363 1234 Lex:
388 1167 487 1232 Marc.
515 1169 602 1232 823:
635 1168 771 1232 Utinam
795 1169 858 1231 lea
880 1172 960 1230 esset
980 1167 1089 1230 mdccc
1112 1163 1195 1250 quina
1218 1172 1343 1230 rammi

171 1276 255 1340 uiro.
303 1275 415 1340 Etiam
454 1273 576 1340 ceteris
613 1274 647 1341 ll.
677 1264 814 1341 ‘eadem'
846 1273 994 1340 additum
1026 1279 1095 1339 est:
1134 1275 1253 1358 Ampio.
1291 1277 1342 1355 77,

171 1383 287 1448 Pseud.
315 1385 392 1449 304.

421 1492 454 1570 (3
478 1489 524 1573 0.,
550 1493 569 1555 2
594 1489 680 1572 apud
704 1489 783 1573 Oia,
807 1509 840 1556 r.
865 1487 939 1558 Sch.
964 1508 995 1570 p.
1021 1492 1086 1570 20.)

257 1596 369 1663 Simile
399 1595 524 1676 aliquid
555 1601 655 1676 atque
685 1585 762 1661 ‘lex'
787 1601 892 1679 sonat,
924 1597 1008 1677 quod
1032 1597 1119 1678 apud
1142 1596 1210 1663 Oic.
1236 1603 1341 1662 struc-

168 1712 245 1769 tnra
281 1723 366 1786 poss.
405 1722 565 1784 nusquam
605 1702 760 1787 occnnit,
802 1695 1065 1786 ‘disciplina’
1105 1705 1221 1769 Bacch.
1261 1706 1341 1770 421:

170 1797 332 1874 Emenso
360 1815 430 1874 erut
460 1811 536 1874 haec
565 1811 588 1875 d
595 1811 675 1874 isai
679 1811 745 1894 pli
751 1831 805 1874 aa
842 1811 909 1891 tibi,
947 1832 1044 1894 quom
1083 1817 1120 1875 tro
1156 1812 1341 1876 adulescens

168 1919 264 1981 cros?

256 2025 359 2091 Mos:
383 2023 503 2108 Amph.
528 2027 581 2104 46,
611 2022 701 2107 Cupi.
729 2026 808 2088 985.

418 2134 451 2211 (2
475 2131 522 2216 ll.‚
548 2135 567 2195 2
592 2131 679 2211 apud
704 2130 781 2214 Cic,
806 2149 838 2197 v.
863 2131 938 2197 Sch.
964 2151 994 2212 p.
1022 2134 1088 2214 20.)

256 2238 417 2303 Modus:
449 2238 545 2304 Asin.
569 2239 651 2302 167:
688 2236 753 2313 Qut
784 2239 927 2301 modas
956 2239 1088 2303 doado?
1136 2240 1232 2303 Asin.
1257 2241 1338 2306 169:

173 2345 282 2421 Quid
304 2344 448 2407 rendist
471 2345 642 2425 tractando,
673 2345 839 2408 amando?
879 2346 925 2410 Hi
954 2345 1039 2410 enim
1064 2347 1216 2429 gerundii
1241 2342 1339 2413 naeus

168 2450 277 2533 magis
301 2469 360 2531 pro
383 2450 505 2516 dativis
529 2451 624 2531 quam
648 2470 707 2534 pro
731 2451 890 2517 ablativis
914 2452 1097 2535 accipiendi
1122 2455 1287 2521 videntur.
1415 2507 1417 2511 v

360 2561 392 2638 (2
415 2558 462 2642 lt,
487 2563 506 2624 2
529 2559 615 2641 apud
639 2559 717 2643 Cic,
741 2578 774 2623 r.
800 2559 875 2626 Sch.
900 2579 931 2641 p.
958 2565 999 2627 20
1025 2566 1059 2627 et
1083 2566 1149 2643 25.)

246 2774 281 2853 b)
305 2771 514 2838 Notiones
538 2792 607 2838 res
632 2772 826 2854 corporis
848 2773 1034 2839 animive
1057 2776 1255 2856 proprias

605 2879 899 2964 designantes.

194 3063 227 3140 α)
251 3059 453 3126 Notiones
478 3057 673 3141 corporis
697 3058 989 3124 condicionem
1015 3060 1081 3125 vel
1105 3061 1315 3126 actionem

620 3165 881 3232 indicantem

254 3291 443 3357 siccitas
468 3290 503 3376 (i.
521 3310 548 3356 e.
566 3290 659 3357 firma
676 3291 864 3372 valetudo):
890 3291 976 3358 aaa.
997 3294 1084 3378 632;
1109 3292 1336 3359 ismorbns:
1446 3301 1448 3312 '

169 3399 259 3482 [opt.
286 3402 365 3480 553,
397 3398 475 3478 quid
506 3397 626 3462 morbi:
660 3398 747 3462 Mero.
782 3401 861 3462 889.
910 3397 1038 3464 Ceteris
1070 3398 1150 3464 iocis
1180 3391 1335 3465 ‘morbus’

162 3507 453 3588 metaphorice
499 3509 677 3586 usurpatur
715 3505 842 3572 animi
883 3504 1104 3572 condicionem
1145 3505 1336 3587 significans

165 3618 208 3694 (v.
233 3615 289 3700 i.);
313 3613 466 3681 febris:
492 3613 564 3679 Mil.
596 3615 672 3692 720,
704 3613 821 3678 Pseud.
849 3615 925 3678 643.
953 3653 991 3660 --
1017 3612 1082 3676 Pro
1105 3613 1234 3678 actione
1267 3633 1336 3678 cor·

165 3723 253 3804 poris
278 3727 328 3788 est
352 3719 553 3786 habendum:
579 3726 646 3786 sat
670 3719 824 3784 osculi:
851 3719 950 3784 Stich.
979 3721 1026 3784 91.

252 3829 416 3910 Exempla
432 3831 451 3892 6
464 3826 620 3893 Plautina
637 3824 899 3892 enumeravimus
916 3826 1116 3892 condicionis
1129 3826 1182 3892 vel
1196 3826 1336 3892 actionis

164 3935 309 4016 corporis
333 3935 574 4016 possessionem
598 3933 712 3998 dativo
743 3951 830 4013 poss
855 3932 1056 4018 indicantia3
1087 3933 1174 4015 apud
1198 3933 1265 3998 Cic.
1290 3937 1335 4014 (v,

165 4042 239 4107 Sch.
270 4061 301 4123 p.
334 4047 389 4123 21)
421 4041 581 4108 eiusmodi
611 4041 676 4107 loci
707 4045 858 4123 (excepto
889 4041 910 4106 l.
943 4040 1016 4106 Fin.
1045 4040 1100 4124 tv,
1133 4043 1192 4105 θῦε
1223 4041 1335 4130 Hebes

163 4147 253 4215 acies
277 4155 330 4214 est
355 4148 492 4231 cuipiam
511 4149 687 4232 oculorum,
711 4168 744 4213 r.
762 4147 836 4216 Sch.
855 4167 884 4228 p.
904 4152 959 4228 24)
982 4147 1192 4229 reperiuntur
1215 4146 1334 4213 nulli.

163 4255 255 4338 Ergo
278 4255 341 4320 hae
365 4255 399 4320 in
422 4275 459 4321 re
483 4255 579 4321 huius
600 4253 704 4321 oratio
721 4254 1009 4336 grammaticorum
1026 4253 1211 4338 praeceptis
1227 4273 1334 4320 rernm

1195 4383 1211 4432 2
