3216 5022
765 354 844 449 ..d-

209 585 309 629 sonae
340 569 507 648 notantur,
540 584 623 644 quae
654 563 881 646 possidentur:
913 583 976 629 ea:
1005 564 1073 627 Cos.
1104 565 1184 631 198:
1218 564 1378 627 nullus:

209 672 326 736 Pseud.
355 675 441 750 294·
467 672 702 752 quisquam:
732 673 822 756 Capi.
854 674 931 735 700.

296 779 369 846 Non
400 779 608 862 recipiendus
640 786 693 847 θεῖ
721 781 742 846 i.
771 781 862 844 droa.
889 782 974 842 197.·
1004 779 1057 842 Ito
1080 784 1181 862 podice
1204 779 1298 842 rocella
1322 777 1382 840 non

207 887 276 969 ferit
309 888 548 967 Phronesium·
585 908 660 954 nam
695 890 756 954 hoc
790 889 861 952 loco
895 887 980 952 efuit'
1019 891 1070 951 est
1102 887 1227 968 copula,
1262 885 1375 950 ‘nulla’

207 994 432 1074 praedicatum
457 995 620 1061 enuntiati
645 995 779 1076 (nullus
794 999 885 1066 ¹sum'
911 993 1116 1077 germanice:
1146 992 1200 1056 ich
1224 992 1279 1057 bin
1302 1011 1376 1056 ver·

208 1103 322 1184 loren),
346 1121 426 1185 ergo
450 1101 533 1168 ‘tibi'
560 1102 693 1168 dativus
717 1121 780 1167 non
805 1102 1024 1183 possessivus.
1065 1100 1212 1166 Eandem
1237 1101 1276 1163 ob
1302 1119 1377 1164 can·

208 1228 275 1274 sam
306 1210 525 1274 removendus
558 1215 609 1274 est
638 1211 659 1274 l.
689 1209 780 1273 (iore.
807 1211 895 1272 498:
928 1209 992 1271 Nec
1021 1208 1115 1271 reddis
1145 1213 1259 1270 orrctor
1286 1209 1376 1270 ndns

207 1323 253 1378 cst
281 1338 338 1379 nec
368 1321 493 1380 uosmet
522 1317 598 1379 estis
629 1317 710 1393 oilli,·
744 1317 893 1396 copulam
925 1315 1010 1382 enim
1042 1334 1116 1380 esse
1146 1316 1237 1379 verb.
1270 1314 1374 1378 subst.

206 1426 305 1502 atque
329 1427 465 1488 ‘auctor'
492 1422 752 1504 praedicativum
778 1422 873 1487 docet
897 1421 1133 1487 enuntiationis
1157 1422 1265 1486 altera
1281 1439 1375 1500 pars:

206 1550 267 1594 nec
298 1535 425 1595 uosmet
455 1536 517 1595 etc.
565 1530 648 1594 Item
674 1530 808 1611 copulae
832 1529 897 1594 vim
921 1531 1022 1595 habet
1045 1532 1141 1594 ‘esse’
1168 1527 1262 1590 Asin.
1289 1529 1374 1590 434:

206 1638 273 1700 snio
296 1638 570 1702 archiepicopum
594 1643 660 1700 c‘ssc
685 1677 725 1685 -
749 1655 825 1702 nam
848 1637 1060 1718 supplendum
1086 1641 1138 1702 est
1160 1637 1267 1700 ‘enm’.

295 1743 421 1810 Dubius
445 1750 497 1810 est
520 1746 541 1811 l.
567 1746 652 1809 Reid.
679 1747 743 1808 49:
768 1745 815 1807 m·
836 1749 905 1807 erat
926 1745 1039 1826 hospes
1060 1749 1125 1827 por
1151 1743 1246 1818 <s>ni.

296 1851 342 1917 lis
366 1870 446 1932 quos
470 1853 642 1918 attulimus
666 1851 747 1917 locis
764 1853 913 1933 exempla
928 1851 1147 1933 possessionis
1163 1869 1373 1932 personarum

206 1958 317 2023 dativo
354 1979 441 2040 pose.
474 1979 661 2041 expressae,
700 1977 772 2024 cum
810 1959 949 2025 maxime
984 1979 1061 2025 rara
1093 1959 1160 2024 sint
1190 1957 1275 2039 apud
1306 1956 1372 2022 Cic.

204 2071 237 2147 (4
261 2067 352 2151 locis,
375 2087 408 2134 v,
434 2067 508 2134 Sch.
533 2088 564 2149 p.
592 2071 632 2132 13
657 2072 691 2132 et
716 2070 782 2152 24),
814 2067 901 2148 apud
924 2069 973 2133 Pl.
1000 2068 1054 2132 vel
1079 2066 1276 2132 creberrima
1301 2083 1374 2129 esse

204 2176 287 2254 (42¹)
301 2173 395 2254 locis)
410 2179 558 2259 apparet,
584 2193 679 2254 quem
692 2174 896 2256 potissimum
908 2175 1149 2256 possessionem
1161 2191 1372 2254 personarum

205 2279 448 2361 propinquitate
473 2299 545 2346 cum
568 2299 617 2364 eo,
649 2281 705 2361 qui
728 2281 884 2364 possidet,
917 2281 1161 2347 coniunctarum
1188 2283 1243 2360 (13
1267 2280 1315 2359 ll.)
1340 2284 1374 2344 et

206 2405 376 2451 servorum
401 2391 452 2466 (ll
480 2388 528 2464 ll.)
552 2387 611 2452 illa
635 2393 802 2453 structura
826 2394 941 2454 notare
965 2388 1124 2453 videmus.

293 2493 447 2576 Persona,
480 2513 563 2574 quae
593 2494 789 2577 possidetur,
821 2497 909 2576 apud
933 2495 1000 2562 Cic.
1030 2515 1269 2576 nonnumquam
1301 2515 1372 2560 oum

202 2598 388 2665 notionibus
406 2602 588 2668 collectivis
605 2605 722 2687 ‘eopia’
741 2610 776 2670 et
791 2605 923 2686 ‘inopia’
951 2605 1108 2689 colligata
1131 2607 1254 2688 legitur
1277 2605 1371 2688 (δῆθε,

202 2707 275 2772 Sch.
294 2727 325 2788 p.
345 2709 468 2791 13114),
492 2709 526 2774 id
542 2710 627 2790 quod
645 2712 732 2793 apud
750 2713 796 2777 Pl.
814 2713 983 2778 invenitur
1000 2716 1119 2779 semel:
1145 2715 1260 2777 Bacch.
1282 2717 1371 2776 563.-

206 2814 314 2890 an'd?
340 2815 480 2878 tilloneo
492 2822 561 2880 emit
573 2821 841 2883 ⁴meretriciam
859 2822 1005 2886 nlr‘donnn
1017 2823 1153 2885 riihcrn's
1169 2822 1291 2904 eripio
1309 2874 1314 2885 .
1336 2874 1341 2884 .
1364 2874 1369 2884 .

290 2923 363 2988 Uno
393 2923 476 3007 loco,
507 2925 539 2989 id
572 2928 658 3006 quod
688 2930 774 3009 apud
800 2928 866 2994 Oic.
898 2949 1069 3009 numquam
1101 2930 1254 3009 occurrit,
1285 2932 1371 3011 apud

201 3029 250 3093 Pl.
277 3037 389 3094 exstat
411 3031 500 3096 notio
526 3034 705 3100 collectiva·
725 3056 883 3116 personas
901 3037 1093 3120 significans
1111 3037 1285 3102 coniuncta
1302 3059 1372 3103 cum

202 3135 268 3198 dat.
293 3155 394 3216 poss:
427 3139 503 3201 Arar.
533 3143 620 3203 340:
648 3143 782 3206 Turba
812 3145 883 3206 istic
913 3147 1007 3208 ncilla
1037 3146 1095 3208 tede·
1118 3146 1186 3208 adn
1236 3146 1314 3225 (Otr.
1343 3169 1368 3210 r.

205 3243 291 3304 342:
315 3264 434 3326 rnapnn
459 3247 555 3310 dorda
578 3269 616 3311 oc
638 3251 796 3331 familia.)

247 3404 279 3483 b)
304 3404 524 3489 PersoniS,
549 3427 653 3487 quae
677 3412 973 3494 possidentur,
998 3413 1210 3478 admixtae
1236 3420 1334 3480 sunt

622 3536 690 3581 res
716 3523 950 3584 concretae.

289 3634 377 3699 Men.
399 3639 464 3700 59:
491 3637 537 3700 Er?
560 3639 810 3737 liberorum,
835 3644 1120 3727 nasidianitae,
1145 3649 1299 3710 retieret.
1330 3687 1366 3693 --

201 3740 286 3804 Men.
324 3744 432 3806 1083:
469 3745 556 3808 none
587 3749 616 3812 c'i
642 3749 832 3830 patriam
865 3757 901 3814 ei
927 3756 1087 3835 prrire'nz
1119 3759 1371 3816 conmemorant

196 3849 322 3929 paritor
337 3851 397 3932 proi
411 3851 537 3934 fuerim
553 3853 627 3916 sibi.
654 3891 697 3898 —
723 3856 800 3938 211,
825 3857 961 3922 totidem
975 3861 1062 3940 apud
1076 3860 1140 3925 Cic.
1155 3859 1243 3942 (Sch.
1258 3880 1287 3940 p.
1309 3863 1368 3941 lt).

289 4011 309 4074 ¹)
328 4009 504 4064 Proferemus
534 4013 651 4067 calculos
679 4031 733 4068 non
760 4014 853 4078 nescii,
882 4031 961 4082 qumn
990 4018 1082 4087 exigui
1106 4020 1160 4073 sint
1185 4021 1311 4074 momenti
1335 4021 1370 4074 ad

198 4085 335 4142 Ciceronis
356 4095 385 4142 et
398 4091 503 4158 Plauti,
523 4093 567 4159 qni
587 4108 647 4146 cum
666 4111 765 4163 genere
784 4097 915 4150 orationis
934 4103 992 4151 turn
1006 4101 1122 4153 circuitu
1136 4101 1300 4154 voluminum
1315 4119 1368 4154 ma·

198 4166 270 4220 xime
290 4167 362 4222 inter
382 4186 412 4224 se
432 4172 593 4240 discrepent,
614 4191 692 4229 nsum
712 4176 798 4230 dativi
817 4193 889 4246 poss.
910 4187 1007 4232 exacte
1027 4183 1369 4250 comparandumfflamcn

196 4249 310 4314 numeri,
330 4249 474 4306 dummodo
493 4253 566 4306 illam
586 4256 749 4324 scriptorum
769 4257 1019 4314 dissimilitudinem
1038 4277 1143 4330 semper
1157 4263 1297 4332 respicies
1317 4280 1369 4316 non

196 4342 308 4395 prorsus
328 4333 514 4386 contemnendi
530 4335 665 4404 videntur,
686 4354 745 4390 cum
756 4344 784 4392 et
795 4340 925 4393 certiores
936 4347 964 4393 et
973 4340 1110 4395 breviores
1121 4343 1176 4396 sint
1187 4360 1266 4410 qinom
1277 4344 1368 4398 verba.
