3216 5022
732 303 774 369 29

257 515 425 582 Exhibitis
448 515 513 584 iam
538 516 685 583 omnibus
710 535 934 597 quaecumque
957 516 1046 598 apud
1057 516 1107 581 Pl.
1125 515 1340 581 inveniuntur

166 624 325 706 exemplis
357 623 463 689 dativi
493 643 580 706 poss.
606 624 869 706 comparatisque
901 643 973 690 cum
1003 622 1166 689 Tullianis
1197 623 1339 704 denique

165 731 264 796 buius
289 730 508 796 contentionis
533 750 690 797 summam
713 730 862 796 breviter
884 731 1119 814 astringemus,

260 843 287 902 1.
311 839 462 919 Apparet
485 839 622 920 primum
646 837 777 920 quidem
800 838 888 920 apud
912 840 962 905 Pl.
987 840 1116 905 multo
1147 839 1339 920 frequen·
1445 915 1451 928 1

166 945 316 1011 tiorem
348 963 422 1010 esse
453 964 550 1025 quam
581 946 667 1027 apud
692 945 758 1011 Cic.
784 966 878 1012 usum
903 946 1008 1012 dativi
1032 966 1139 1032 poss3
1172 949 1227 1027 qui
1251 949 1338 1029 apud

166 1053 257 1119 illum
291 1052 405 1120 313133
437 1053 492 1118 vel
521 1051 564 1135 (si
587 1052 785 1118 locutionem
807 1048 987 1136 ‘negotium
1012 1055 1092 1137 (res)
1116 1054 1196 1120 mihi
1219 1045 1280 1120 est'
1306 1061 1340 1121 et

166 1159 377 1226 substantiva
415 1159 563 1225 verbalia
599 1159 633 1226 in
671 1159 717 1225 -io
755 1161 920 1246 exeuntia,
959 1182 991 1229 r.
1031 1182 1068 1245 3.,
1114 1161 1338 1248 neglegimus)

165 1264 302 1349 altiss,
332 1267 420 1348 apud
450 1269 536 1333 hunc
567 1265 696 1336 aeoles
727 1267 881 1335 occurrit.
929 1269 1038 1348 Atque
1066 1268 1217 1348 quamvis
1242 1276 1338 1335 cauta

167 1373 326 1441 eiusmodi
343 1374 603 1456 comparationes
617 1374 685 1440 siut
696 1374 880 1458 faciendae,
905 1379 1015 1440 tamen
1027 1375 1191 1458 Plautum,
1217 1375 1338 1458 quippe

167 1482 260 1548 cuius
284 1481 450 1546 volumina
473 1483 575 1546 multo
599 1482 724 1548 minora
741 1486 776 1547 et
790 1481 946 1564 pauciora
963 1482 1030 1547 sint
1046 1501 1142 1562 quam
1159 1483 1337 1568 Ciceronis,

167 1589 317 1654 dativum
347 1608 434 1670 poss.
459 1590 558 1672 longe
590 1588 737 1655 crebrius
769 1607 930 1670 usurpare
961 1608 1058 1669 quam
1082 1590 1224 1655 Tullium
1248 1591 1338 1656 nullo

166 1697 259 1762 modo
283 1699 396 1778 potest
418 1695 573 1778 negari.¹)

258 1807 287 1868 2.
313 1802 378 1867 Est
414 1807 524 1866 autem
554 1802 728 1868 Plautinus
766 1802 873 1868 dativi
910 1822 998 1884 poss.
1030 1822 1109 1869 usus
1140 1823 1204 1870 non
1235 1806 1337 1872 solum

166 1908 371 1991 frequentior
394 1927 490 1989 quam
504 1909 749 1996 Ciceronianus
774 1911 832 1976 sed
857 1910 955 1977 etiam
978 1910 1012 1976 in
1036 1911 1149 1978 multis
1172 1914 1272 1978 rebus
1296 1915 1337 1979 ab

167 2020 229 2084 hoc
253 2016 463 2082 diversus.

256 2124 291 2209 a)
315 2124 594 2190 Personarum
617 2124 856 2206 possessionem
881 2126 948 2193 Cic.
973 2127 1142 2194 rarissime
1167 2134 1338 2196 structura

167 2231 274 2297 dativi
310 2251 397 2312 poss.
429 2229 556 2296 indicat
593 2232 665 2314 (ter
695 2251 736 2297 ex
768 2237 832 2298 239
864 2233 1023 2315 exemplis
1054 2235 1161 2300 dativi
1191 2255 1278 2317 poss.
1303 2271 1338 2290 =

167 2337 219 2421 1,7
233 2340 273 2420 ⁰1,
297 2338 438 2404 omnium
462 2340 705 2422 exemplorum),
729 2339 779 2404 Pl.
805 2359 884 2404 vero
915 2341 1112 2407 creberrime
1137 2343 1272 2426 (43ies2)
1297 2365 1338 2410 ex

172 2451 235 2513 315
266 2445 422 2527 exemplis
454 2445 561 2510 dativi
589 2465 675 2528 poss.
700 2478 735 2498 =
758 2444 834 2528 lar
849 2448 890 2529 ⁰s,
922 2449 1061 2514 omnium
1093 2452 1336 2532 exemplorum).
1407 2517 1411 2523 .

256 2557 289 2636 b)
314 2552 485 2620 Simillima
509 2557 561 2618 est
583 2553 668 2619 ratio
692 2560 985 2620 concretorum
1009 2554 1337 2644 individuorum,

167 2684 251 2745 quae
290 2661 465 2727 coniuncta
500 2680 572 2726 cum
607 2660 674 2727 dat.
711 2680 798 2743 poss.
834 2661 920 2743 apud
956 2661 1022 2728 Oio.
1058 2681 1233 2742 numquam
1268 2664 1337 2730 fere

167 2769 308 2854 (omnino
332 2773 391 2834 der
413 2765 576 2850 Ξ17110
602 2788 684 2834 omn.
709 2775 774 2850 ex.)
798 2788 971 2834 occurrere
995 2770 1069 2836 Sch.
1096 2789 1166 2837 cum
1195 2771 1338 2836 maxima

165 2883 281 2945 nostra
304 2875 521 2942 admiratione
545 2875 651 2942 docet.
699 2875 810 2942 Etiam
835 2876 868 2941 in
892 2877 954 2941 bae
977 2897 1014 2941 re
1037 2877 1150 2942 Plauti
1173 2897 1253 2944 usus
1284 2885 1337 2944 est

165 2988 266 3067 longe
290 2985 459 3049 diversus:
490 3001 629 3063 namque
660 2983 713 3048 hic
738 2988 893 3048 concreta
916 2982 1088 3049 individua
1112 2984 1226 3050 dativo
1250 3004 1336 3067 poss.

166 3091 262 3159 addit
286 3089 479 3171 saepissime
503 3090 640 3172 (38ies2)
664 3121 700 3141 =
723 3087 848 3172 12111(Ι
872 3108 955 3155 omn.
981 3094 1057 3172 em).

257 3198 288 3280 c)
311 3198 414 3263 Paulo
438 3196 567 3277 quidem
592 3197 805 3280 aequabilior,
838 3198 896 3263 sed
923 3216 1129 3278 nequaquam
1155 3219 1339 3282 congruens

167 3314 220 3374 est
250 3305 421 3385 utriusque
454 3303 623 3385 scriptoris
652 3303 852 3369 consuetudo
875 3304 909 3370 in
935 3311 1228 3370 concretorum
1260 3306 1338 3370 col-

167 3414 422 3482 lectivorum
454 3430 525 3476 cum
557 3410 625 3476 dat.
650 3431 736 3492 poss.
763 3409 1012 3496 compositione;
1045 3431 1129 3491 quae
1160 3411 1247 3493 apud
1272 3412 1338 3478 Oic.

166 3567 376 3577 ...α-..ἐ-

259 3647 279 3716 ¹)
298 3644 420 3713 Accedit,
448 3643 519 3710 quod
539 3644 593 3698 Cic.
613 3643 702 3712 magis
722 3659 804 3710 quam
823 3642 864 3696 Pl.
884 3644 992 3696 easdam
1012 3641 1161 3696 locutiones
1179 3643 1339 3710 saepissime

165 3728 265 3794 iteret3
285 3726 356 3794 quod
372 3726 399 3778 in
414 3725 511 3792 quibus
525 3724 643 3778 maxime
655 3724 713 3789 fiat,
733 3723 761 3778 iu
775 3730 899 3778 extremo
913 3725 962 3778 hoc
975 3723 1103 3791 opusculo
1116 3723 1337 3778 retractabimus.

166 3807 261 3874 Neque
277 3814 368 3860 tamen
382 3807 410 3860 in
424 3806 605 3860 subducendis
620 3804 731 3859 calculis
746 3805 872 3872 singulae
885 3805 1031 3858 earundem
1046 3803 1214 3857 locutionum
1229 3804 1339 3857 series

166 3906 216 3958 pro
240 3886 356 3954 singulis
379 3887 608 3952 locutionibus
632 3885 816 3939 numerandae
835 3889 906 3952 sunt,
933 3885 1059 3952 quoniam
1083 3885 1111 3937 in
1130 3883 1178 3938 tali
1199 3889 1339 3953 computa-

165 3969 249 4035 tione,
269 3983 349 4034 quam
369 3967 463 4022 crebro
483 3983 662 4034 unaquaeque
681 3966 783 4021 locutio
803 3969 936 4032 occurrat,
955 3966 983 4018 id
1002 3965 1072 4030 quod
1085 3965 1198 4018 maximi
1210 3965 1339 4018 momenti

166 4056 219 4117 est,
239 4049 408 4118 neglegitur3
428 4053 512 4114 atque
531 4049 581 4102 hoc
591 4048 678 4102 altero
687 4047 826 4101 refellitur
835 4046 885 4100 illa
894 4047 974 4112 ratio,
995 4046 1065 4111 quod
1074 4045 1155 4098 unius
1166 4045 1339 4110 eiusdemque

167 4130 295 4186 vocabuli
318 4129 462 4197 usurpatio
487 4135 515 4182 ot
538 4129 667 4182 iunctura
689 4127 805 4196 singulis
824 4127 852 4181 ll.
871 4131 929 4179 tam
950 4125 1026 4180 varia
1045 4141 1105 4179 esse
1123 4126 1202 4193 solet,
1227 4131 1260 4179 ut
1278 4126 1339 4180 illos

165 4212 194 4265 in
212 4226 296 4264 unrrm
315 4210 438 4264 conicere
456 4209 564 4264 minima
583 4208 673 4262 liceat.
1272 4231 1275 4238 ·

257 4291 277 4356 ²)
297 4291 348 4344 Hic
367 4307 495 4346 numerus
514 4289 675 4357 compositus
695 4294 737 4342 est
757 4305 791 4340 ox
811 4287 1037 4356 praecedentibus
1058 4288 1079 4341 l.
1100 4292 1129 4340 et
1148 4288 1185 4341 ll.
1205 4288 1337 4355 partibus.
1433 4363 1437 4372 ι
