3216 5022
834 344 852 406 6

266 557 307 621 Ut
335 555 459 638 sdruost
489 556 625 637 666666,
664 561 739 619 6676
773 554 881 626 solo<i>
913 555 1091 639 pooo‘uu'oou
1121 555 1280 618 irroranda.
1330 555 1424 619 Most.

259 665 410 742 868769·
444 664 485 729 Ut
506 664 612 727 adh-uo
626 663 695 746 suit
710 663 796 728 6616
811 664 947 746 corium,
972 685 1037 727 esso
1053 667 1182 746 oportet,
1209 659 1212 746 Ι
1241 661 1424 725 86666666.

258 770 345 836 Huic
369 770 484 853 generi
508 769 608 835 etiam
631 771 879 854 subiungendus
911 771 1044 837 videtur
1073 773 1094 836 l.
1123 771 1213 854 Oopt.
1243 771 1328 832 521:
1361 770 1428 833 Neo

257 877 482 961 sycophantiis
505 899 562 940 uer
584 878 672 961 foreis
695 879 804 942 677666
827 880 1020 944 6666667666
1043 878 1214 943 66666666.

278 1047 280 1051 ,
348 989 378 1050 2.
402 986 650 1064 Nonnumquam
672 984 719 1068 fit,
751 991 789 1050 ut
819 987 909 1051 verb.
936 988 1040 1051 subst.
1065 1005 1124 1067 per
1154 1003 1189 1050 se
1221 983 1349 1064 quidem
1382 983 1427 1049 sit

257 1091 401 1173 positum
425 1093 544 1175 (neque
568 1091 704 1172 copulae
729 1091 793 1156 vim
819 1093 963 1174 habeat),
990 1093 1148 1158 sednon
1173 1091 1232 1157 sit
1256 1093 1424 1157 verbum

257 1198 480 1265 addiction
491 1199 526 1265 is
551 1199 705 1284 (namque
723 1201 824 1264 verbo
842 1202 945 1266 subse.
963 1205 1095 1281 praeter
1112 1200 1247 1280 copulae
1264 1199 1427 1266 enuntiati

257 1312 356 1387 atque
380 1308 474 1373 verbi
497 1305 695 1372 addictionis
719 1305 772 1372 vis
796 1312 850 1372 est
872 1307 1012 1372 maxime
1035 1307 1160 1390 varia);
1184 1306 1219 1372 id
1243 1306 1272 1371 si
1295 1304 1426 1389 accidit,

256 1413 403 1479 dativum
427 1416 529 1480 verbo
554 1415 657 1479 subst.
682 1413 831 1479 additum
854 1433 917 1479 non
935 1434 1009 1480 esse
1026 1414 1249 1496 possessivum
1265 1414 1318 1491 im,
1343 1433 1426 1494 quae

256 1540 355 1603 supra
379 1522 419 1587 de
443 1521 532 1587 illius
555 1526 674 1586 natura
699 1520 773 1587 Seh.
800 1521 907 1587 secuti
930 1521 1154 1604 disseruimus,
1180 1521 1262 1588 satis
1278 1527 1425 1602 apparet.

343 1628 377 1712 a)
402 1629 523 1694 Crebro
553 1630 650 1694 ‘esse’
685 1627 771 1693 idem
801 1628 871 1694 fere
902 1629 1069 1712 signifieat
1099 1630 1185 1710 quod
1221 1628 1426 1713 eversari,

256 1737 351 1800 velut
367 1736 484 1800 Boood.
505 1738 589 1798 244:
614 1735 673 1797 udi
696 1735 775 1798 ruisi
796 1735 917 1818 filius?
958 1736 1074 1800 Boario.
1096 1740 1186 1800 365:
1214 1738 1253 1801 Si
1274 1737 1326 1800 iro
1347 1739 1427 1800 sum

222 1893 225 1900 .
256 1842 369 1925 rriryoe
392 1844 477 1924 ruri,
501 1848 536 1906 oi
559 1843 645 1906 66676
661 1847 787 1926 ternum
803 1844 931 1907 dormiet.
971 1844 1060 1908 Pers.
1085 1847 1171 1908 709:
1195 1867 1276 1908 uara
1291 1844 1428 1908 unimus

257 1951 328 2014 6666
350 1951 389 2014 iu
411 1954 525 2014 66656
548 1950 641 2014 arao.
679 1951 795 2014 Pseud.
823 1953 936 2014 1052:
962 1953 1085 2032 Hohoo‘,
1110 1973 1201 2016 uuuo
1225 1953 1356 2016 domum
1379 1951 1427 2014 ou'

257 2059 392 2121 666663
417 2058 454 2121 iu
475 2062 544 2120 tuto
559 2057 664 2122 looost.
691 2097 730 2105 -
756 2058 828 2122 Non
844 2059 981 2123 multum
998 2058 1168 2126 dissimilis
1184 2058 1317 2125 videtur
1332 2057 1427 2124 verbi

257 2167 361 2233 subse.
387 2162 586 2248 significatio
609 2162 643 2228 in
666 2163 833 2244 frequenti
856 2165 914 2230 ille
938 2166 1100 2232 locutione
1124 2165 1261 2247 ‘aliquid
1285 2165 1365 2231 mihi
1393 2164 1426 2230 in

257 2293 353 2339 manu
386 2275 460 2354 θεῖ’,
491 2273 585 2337 velut
615 2272 730 2336 Buood.
764 2273 844 2334 144:
877 2294 940 2355 quo
972 2274 1103 2337 6666667
1132 2274 1184 2337 dis
1215 2281 1253 2337 76
1282 2277 1427 2353 666666,

258 2380 377 2463 Amph.
414 2382 461 2442 89
469 2403 479 2441 .·
513 2378 553 2442 So'
582 2378 648 2441 illis
678 2379 758 2461 fides
789 2384 842 2460 ost,
874 2381 994 2462 oucibus
1024 2386 1071 2444 ost
1099 2401 1136 2444 eo
1165 2401 1216 2444 ros
1245 2386 1282 2442 56
1312 2401 1427 2456 mauu,

261 2490 347 2550 564:
373 2469 462 2549 ssime
487 2486 577 2548 tonost
590 2485 628 2548 o'u
644 2489 770 2548 66666·
795 2492 1077 2564 aerumnosarum·
1104 2485 1202 2551 More.
1224 2489 1303 2567 628,
1328 2486 1424 2549 Poeu.

260 2595 317 2675 52,
346 2595 417 2672 912,
445 2591 710 2657 dido.104ete.

346 2700 379 2778 b)
405 2698 688 2778 Frequentissima
712 2700 800 2780 apud
826 2700 965 2766 comicos
983 2708 1035 2767 est
1051 2700 1172 2766 locutio
1189 2700 1280 2781 ‘quid
1296 2700 1391 2766 tibist
1400 2703 1426 2764 ,⁹²

257 2809 362 2888 („was
387 2805 433 2872 ist
456 2805 564 2890 dir?“‚
592 2825 681 2885 „was
705 2806 829 2872 kommt
852 2807 927 2873 dieh
951 2813 1038 2875 an?“
1086 2809 1206 2892 Aropo.
1236 2809 1312 2888 669,
1349 2809 1427 2886 727,

260 2916 338 2996 809,
374 2915 446 2994 810,
479 2913 555 2977 Aul.
582 2916 661 2996 242,
696 2915 767 2979 Cos
798 2918 876 2996 632,
912 2915 987 2980 urst.
1016 2920 1071 2997 57,
1107 2920 1183 2997 642,
1220 2917 1311 2980 Cure.
1346 2917 1425 2995 236,

259 3022 337 3100 309,
363 3019 475 3084 multis
499 3019 580 3084 loeis
605 3026 790 3086 ceterarum
815 3024 1076 3106 comoediarum).
1110 3024 1183 3089 Hac
1206 3023 1239 3089 in
1264 3021 1427 3088 locutione

255 3116 353 3192 ‘esse’
385 3125 490 3191 simile
521 3125 646 3206 aliquid
677 3127 848 3195 declarare
879 3130 1012 3196 videtur
1050 3136 1150 3213 atque
1188 3128 1426 3196 ‘anaidem

257 3232 405 3298 Eandem
436 3232 710 3316 significationem
741 3238 832 3302 verb.
858 3239 962 3303 subst.
987 3240 1111 3304 habere
1142 3237 1351 3303 iudicandum
1376 3241 1428 3301 est
1508 3269 1512 3278 ·

258 3341 309 3406 his
339 3339 437 3406 loeis:
469 3340 557 3404 Meu.
594 3343 663 3404 663
672 3366 682 3404 .·
720 3343 808 3418 ouva
839 3345 923 3408 6616
952 3347 1148 3427 facturarum.
1208 3345 1301 3409 uuo.
1338 3346 1426 3407 633:

263 3449 351 3526 Quid
372 3449 457 3512 6676
478 3451 695 3531 futurumst.
725 3502 730 3514 .
759 3501 765 3514 .
795 3503 800 3514 .
828 3452 923 3517 Most.
944 3456 1029 3520 231:
1059 3454 1146 3531 Quota
1161 3454 1227 3516 illis
1243 3453 1430 3534 fhoiorruoesi

258 3556 368 3620 adieris
391 3555 450 3638 qui
473 3559 504 3617 to
523 3559 661 3621 orarunt?
709 3557 804 3622 Most.
834 3561 907 3622 262
915 3586 926 3622 .·
953 3561 1013 3624 to'bo‘
1035 3562 1119 3624 ido‘ru
1144 3561 1301 3644 futurum
1325 3559 1425 3624 6666.

258 3663 353 3726 Asiu.
389 3663 542 3744 869179·
575 3685 615 3726 66
645 3662 725 3746 (ooo)
754 3666 851 3729 77666
881 3673 1003 3730 onustor
1036 3674 1191 3731 misorum
1224 3667 1351 3730 666666.
1386 3705 1426 3712 -

259 3771 327 3853 Eoo
350 3769 437 3832 istun
459 3773 523 3834 soio
550 3767 552 3856 i
579 3755 632 3833 I'io
654 3770 723 3853 fore
747 3772 806 3853 illi,
830 3775 1045 3856 duurquo'dem
1066 3797 1141 3838 oum
1157 3775 1213 3839 ouo
1228 3777 1336 3856 uei-pta
1352 3773 1425 3836 eris.

261 3878 352 3940 rrae.
384 3879 469 3941 709:
497 3881 615 3962 prooul
644 3879 722 3943 7666
751 3879 935 3962 obsoruodo,
967 3881 1144 3967 oo[il]e<o>s
1175 3883 1256 3966 quid
1284 3881 1430 3965 [atauus

258 3983 342 4066 forat.

350 4093 379 4170 c)
404 4093 520 4156 I'seud.
546 4094 632 4155 165:
664 4093 750 4156 Naue
782 4094 832 4156 ori
861 4095 953 4159 66666
981 4098 1102 4161 6676776
1126 4097 1194 4160 dies
1218 4102 1283 4174 esu·
1316 4097 1429 4163 eadem

260 4196 330 4262 fere
353 4200 456 4263 verba
478 4198 693 4264 inveniuntur
720 4186 810 4283 Capi.
835 4204 907 4283 174,
933 4203 1049 4266 Pseud.
1083 4207 1158 4285 775,
1184 4205 1273 4269 alibi.
1306 4205 1355 4269 Ne
1378 4204 1430 4270 his

261 4304 388 4385 quidem
405 4305 486 4373 loeis
502 4309 593 4372 verb.
611 4307 715 4373 subst.
733 4306 813 4372 mihi
829 4308 961 4374 videtur
977 4311 1112 4376 verbum
1129 4309 1328 4378 addictiouis
1346 4331 1429 4396 esse,
