3216 5022
754 285 793 352 31

182 496 257 566 dice
280 503 390 566 autem
414 499 510 582 quasi
533 499 676 566 adicitur
698 499 780 566 illud
800 489 898 566 ‘esse'
923 500 1148 567 tantummodo
1171 498 1206 566 in
1235 502 1360 566 certam

183 608 348 689 quandam
372 627 544 690 personam
562 607 676 674 dativo
693 606 902 690 designatam
919 600 1049 693 (mihi’)
1066 608 1194 675 cadere.
1231 609 1361 692 Quanto

181 714 243 780 illa
269 711 427 781 ¹subtilior
457 713 618 795 simulque
647 715 781 782 brevior
811 720 864 781 111
893 715 1016 782 locutio
1038 709 1157 781 ‘habeo
1180 705 1270 781 rem'.
1318 713 1358 780 11

181 822 246 886 hac
271 821 355 887 enim
370 821 416 906 id,
440 821 527 902 quod
542 821 576 888 in
592 821 652 888 illa
668 821 794 889 duabus
811 822 1018 905 significatur
1029 822 1217 889 notionibus
1242 812 1356 903 (mihi’

182 933 218 994 ct
240 918 339 1012 ‘est'),
369 928 405 994 in
434 947 533 994 unam
563 932 728 1009 tamquam
753 934 922 996 coartatur
946 936 981 996 11
1003 929 1237 1012 comprimitur.
1284 929 1357 994 Hoc

183 1034 213 1100 si
242 1034 464 1120 reputaveris,
495 1035 576 1101 illud
604 1029 722 1101 ‘haheo
751 1027 831 1102 rem'
863 1037 1031 1103 doctorum
1056 1035 1219 1103 hominum
1242 1054 1356 1101 versa-

182 1141 287 1208 tiliori
309 1142 442 1226 ingenio
466 1142 672 1223 sermonique
695 1142 841 1224 politiori
863 1144 972 1228 magis
988 1145 1265 1210 accommodatum
1282 1162 1356 1209 esse

182 1251 300 1316 credas
324 1269 420 1331 quam
445 1256 644 1316 structuram
670 1249 777 1317 dativi
799 1253 917 1333 poss.¹)

271 1358 343 1423 Fac
365 1357 470 1441 igitur
493 1357 599 1423 dativi
622 1376 709 1440 poss.
735 1362 936 1424 structuram
958 1357 1109 1441 vulgaris
1133 1362 1167 1424 et
1198 1356 1356 1424 cotidiani

181 1465 322 1531 maxime
339 1464 499 1532 sermonis
516 1484 590 1532 esse
605 1465 780 1549 propriam,
805 1465 883 1546 quid
899 1465 1026 1550 mirum,
1051 1465 1080 1530 si
1096 1465 1186 1531 illam
1203 1465 1354 1548 Plautus,

168 1573 239 1668 ,qui
263 1573 354 1640 etin
379 1591 451 1638 eam
473 1572 631 1639 inciderit
653 1574 809 1656 aetatem,
833 1591 898 1654 qua
921 1572 1038 1656 hugus
1061 1571 1167 1638 latina
1191 1591 1233 1638 11
1255 1571 1355 1637 homi·

181 1667 259 1747 num
283 1700 338 1747 ore
361 1680 397 1747 in
418 1681 521 1748 libros
545 1681 723 1748 transferri
738 1681 797 1747 vix
813 1685 931 1763 coepta
947 1685 1045 1764 esset,
1071 1685 1115 1766 11,
1141 1699 1213 1745 cum
1230 1699 1355 1746 comoe-

182 1788 255 1855 dias
287 1788 531 1875 conscripserit,
562 1789 724 1871 plebeium
754 1788 959 1872 potissimum
991 1791 1025 1854 11
1056 1786 1256 1853 cotidianum
1287 1807 1354 1853 ser·

182 1915 308 1963 monem
339 1897 505 1980 exhibeat,
537 1897 668 1979 saepius
699 1902 839 1979 usurpat
869 1888 964 1976 quam
990 1895 1142 1962 Tullius?
1189 1895 1253 1979 Qui
1283 1914 1354 1960 cum
1398 1892 1406 1903 “

182 2008 216 2070 11
247 2023 284 2069 11
314 2009 461 2085 tempore
492 2002 604 2089 fuerit,
636 2023 698 2085 quo
729 2004 845 2087 lingua
875 2003 981 2070 latina
1011 2023 1031 2069 a
1061 2003 1144 2068 viris
1175 2002 1281 2068 doctis
1312 2003 1355 2068 ad

182 2110 419 2194 elegantiorem
449 2129 593 2176 normam
622 2110 688 2177 iam
719 2116 810 2178 esset
839 2110 977 2194 directa,
1010 2115 1044 2174 et
1073 2109 1145 2191 ipse
1170 2128 1240 2175 eam
1265 2111 1352 2174 ultro

183 2217 332 2283 excolere
355 2237 394 2282 ao
417 2217 581 2299 perpolire
604 2219 770 2285 studuerit
793 2223 826 2284 et
851 2219 936 2284 tales
961 2215 1025 2282 sibi
1050 2216 1227 2298 sumpserit
1255 2216 1353 2282 libro-

184 2342 255 2388 rum
278 2325 443 2408 materias,
475 2325 590 2405 quales
621 2325 662 2390 ab
693 2324 864 2391 humiliore
895 2323 1027 2390 dicendi
1057 2342 1179 2407 genere
1202 2323 1274 2388 1111
1297 2325 1353 2389 ab·

185 2430 350 2513 horreant,
374 2435 627 2497 consentaneum
651 2437 705 2498 est
727 2433 813 2513 apud
837 2451 908 2498 eum
933 2433 1106 2514 uulgarem
1129 2430 1220 2496 illam
1245 2429 1353 2496 dativi

181 2556 269 2620 poss.
296 2542 495 2604 structuram
525 2539 637 2605 verbis
667 2530 832 2605 ‘habendi'
864 2543 898 2604 et
926 2527 1138 2621 ‘possidendi'
1164 2536 1353 2617 frequentia

181 2645 399 2730 concedere.²)
1222 2663 1224 2666 ·

269 2753 319 2819 Ac
334 2771 376 2818 ne
391 2752 474 2818 illud
490 2752 619 2833 quidem
635 2754 889 2839 neglegendum,
914 2752 1068 2834 quihus
1091 2752 1131 2818 in
1155 2751 1354 2834 partibus

180 2860 286 2926 dativi
317 2879 405 2942 poss.
437 2879 530 2925 usum
562 2861 629 2927 Cic.
661 2861 837 2943 praecipue
875 2860 1011 2945 fugerit.
1058 2862 1096 2926 In
1135 2858 1353 2926 concretis

271 3057 289 3125 ¹)
309 3054 429 3108 Similem
449 3053 584 3121 quandam
598 3055 684 3108 nostri
698 3055 828 3108 sermonis
841 3055 1064 3109 consuetudinem
1079 3069 1121 3122 ea,
1141 3070 1211 3121 quae
1224 3053 1352 3120 diximus,

178 3135 397 3204 comprobantem
416 3135 515 3189 afferre
534 3135 607 3189 haud
626 3135 674 3189 ahs
694 3151 723 3189 11
741 3135 853 3191 videtur
866 3150 934 3189 esse.
965 3135 995 3188 In
1009 3134 1145 3189 nonnullis
1161 3133 1231 3188 enim
1244 3134 1351 3202 patriae

179 3219 287 3270 nostrae
306 3216 386 3284 pagis
404 3215 503 3283 (veluti
520 3215 549 3268 in
563 3231 603 3283 eo,
623 3215 670 3270 ubi
685 3217 752 3270 haec
767 3215 871 3285 scripsi,
891 3214 1053 3270 Palatinatu
1067 3215 1156 3269 Rheni
1172 3214 1245 3284 dico)
1264 3231 1352 3268 sermo

179 3295 303 3364 vulgaris
327 3296 440 3350 eandem
464 3296 498 3350 de
521 3312 575 3363 qua
599 3296 757 3351 disserimus
781 3296 943 3351 locutionem
967 3297 1051 3350 habet
1075 3297 1110 3366 (1.
1130 3312 1157 3364 g.
1181 3295 1255 3363 ,Das
1274 3295 1352 3349 Haus

180 3375 216 3430 ist
234 3375 296 3429 dem
313 3377 431 3447 Vater“)
450 3407 485 3416 -
504 3392 574 3443 quse
594 3393 611 3430 a
629 3377 756 3445 politiore
775 3394 883 3446 quaque
907 3377 936 3432 iu
959 3377 1067 3446 11111111
1089 3382 1206 3431 utuntur
1228 3374 1352 3430 oratione

179 3456 270 3510 111111
293 3463 342 3511 est.
362 3489 395 3496 —
415 3457 472 3512 Cir.
496 3458 580 3512 etiam
604 3457 636 3512 0.
660 3458 786 3527 Rebling,
810 3458 936 3514 Versuch
961 3459 1036 3512 einer
1059 3456 1280 3512 Charaktsristik
1303 3456 1352 3510 der

177 3537 327 3592 1111111111
351 3539 612 3606 Umgangssprache,
638 3537 708 3606 Kiel,
735 3544 811 3607 1883,
841 3556 866 3608 p.
886 3545 933 3594 32:
959 3577 1019 3594 ...
1043 3538 1115 3594 11111
1142 3538 1244 3592 andere
1268 3535 1351 3592 Wen·

177 3618 286 3688 dungen
304 3619 406 3673 hessen
425 3619 569 3682 erkenuen,
594 3619 658 3672 dass
682 3620 719 3672 im
742 3619 975 3688 ungckiinstelten
993 3619 1183 3688 Umgangston
1207 3618 1252 3672 die
1271 3618 1351 3672 latei·

175 3699 267 3754 nischa
277 3699 397 3768 Sprache
416 3699 476 3753 eine
491 3699 658 3754 auffallendc
668 3698 861 3754 Aehnlichkeit
875 3698 1350 3769 1111111111111111111111111111111

177 3778 379 3847 Volkssprache
397 3779 481 3848 zeigt.

267 3859 289 3925 ²)
307 3859 348 3913 De
366 3859 506 3914 ‘habendi'
529 3866 558 3915 et
575 3860 754 3930 ‘possidendi'
777 3860 849 3930 apud
859 3859 914 3916 cie.
934 3878 982 3930 pro
1001 3861 1097 3916 dativo
1116 3879 1189 3931 poss,
1208 3879 1269 3917 cum
1289 3881 1350 3918 con-

176 3941 258 3995 cretis
277 3955 331 3995 1111
350 3956 375 3994 v.
386 3940 419 3995 G.
430 3941 581 4010 Landgraf,
600 3941 908 3997 Litteraturnachweise
921 3942 978 3997 und
989 3943 1198 4012 Bemerkungen
1211 3959 1245 3998 zu
1261 3945 1352 4000 seiner

177 4019 442 4090 latschnlgramm,
463 4027 487 4076 3.
498 4021 579 4090 Aufl,
599 4023 735 4092 Bamberg
757 4028 834 4091 1894,
853 4024 879 4078 S.
892 4029 925 4078 29
945 4023 965 4078 1.
986 4055 1018 4062 -
1038 4023 1134 4078 Ρ11111
1150 4023 1232 4093 locos,
1252 4027 1349 4093 quihus

176 4101 259 4155 verba
275 4102 415 4156 ‘habendi’
438 4108 467 4156 et
484 4103 661 4172 ‘possidendi’
683 4109 838 4172 occurrunt,
856 4121 904 4159 nos
925 4104 1034 4172 quidem
1044 4104 1211 4174 collegimus
1230 4108 1278 4162 sod
1295 4108 1350 4162 iam

176 4195 247 4235 nuno
269 4183 392 4250 11111111
416 4183 545 4253 temporis
569 4188 598 4238 et
622 4184 704 4252 spatii
727 4184 791 4240 huic
814 4185 944 4254 opusculo
967 4185 1086 4239 concessi
1112 4186 1268 4255 exiguitate
1289 4205 1349 4257 111-

175 4261 307 4320 hibemur.
