3216 5022
720 325 824 420 ,11ᾳ

274 537 427 602 Seorsum
458 538 500 602 ab
531 535 583 601 his
614 534 791 602 tractanda
823 539 900 600 sunt
924 531 1046 598 locutio
1068 527 1249 615 ‘negotium
1274 535 1355 616 (res)

184 643 263 708 mihi
294 648 347 709 est
377 648 463 725 (cum
492 635 625 725 aliquo)'
658 649 693 710 et
723 642 935 710 substantiva
965 642 1025 707 illa
1055 641 1205 708 verbalia
1244 643 1278 708 in
1309 641 1354 705 -i0

184 751 349 834 exeuntia,
373 769 457 832 quae
481 752 530 816 Pl.
556 753 670 817 erebro
693 751 726 816 in
751 748 1067 833 interrogationibus
1091 748 1353 831 indignationem

183 856 429 924 declarantibus
460 859 633 924 coniuncta
664 878 736 925 eum
767 857 878 924 dativo
909 865 943 922 et
966 857 1067 922 verbo
1092 857 1196 922 subst.
1221 855 1355 921 exhibet

184 965 225 1044 (e.
250 985 282 1047 g.
312 960 404 1046 ‘quid
434 965 496 1032 tibi
526 967 612 1032 bane
643 966 805 1032 auratiost
834 955 963 1046 rem?').
1010 964 1090 1030 Cum
1119 965 1202 1029 haec
1232 962 1354 1028 locutio

184 1072 343 1138 sermonis
366 1072 517 1156 vulgaris
541 1073 586 1139 sit
608 1073 740 1156 propria
764 1091 899 1153 eamque
923 1073 963 1138 ob
987 1091 1055 1138 rem
1080 1071 1145 1138 etsi
1161 1069 1354 1152 saepissime

184 1179 271 1262 apud
302 1180 452 1267 comicos,
490 1201 554 1248 non
592 1187 703 1248 tamen
734 1183 822 1263 apud
853 1180 920 1248 Oio.
953 1184 1115 1263 occurrat,
1153 1178 1234 1245 illud
1261 1174 1354 1244 ‘mihi

182 1287 349 1370 negotium
374 1292 454 1371 (res)
479 1293 531 1355 est
559 1289 645 1375 (oum
669 1280 803 1372 aliquo)'
833 1308 876 1355 ne
906 1273 993 1371 apud
1017 1288 1084 1354 Cio.
1116 1287 1245 1367 quidem
1278 1305 1353 1352 raro

182 1393 315 1477 legitur.
362 1397 542 1462 Nectamen
566 1397 598 1462 id
623 1398 696 1463 Seh.
722 1396 831 1480 iniis,
856 1417 939 1477 quae
964 1397 1004 1462 de
1028 1396 1142 1462 dativo
1165 1389 1252 1477 poss.
1277 1413 1351 1458 eon·

182 1502 300 1586 gessit,
324 1502 458 1587 profert,
483 1503 516 1569 id
540 1505 624 1584 quod
648 1503 771 1570 ideireo
788 1503 921 1570 videtur
936 1503 1017 1585 fieri,
1042 1504 1128 1584 quod
1144 1503 1232 1568 illam
1246 1506 1351 1568 struc-

181 1614 289 1674 turam
313 1630 377 1676 non
401 1629 475 1676 esse
499 1611 723 1692 possessivum
747 1611 883 1677 iudicat.
915 1611 980 1678 Sed
1003 1629 1062 1676 nos
1086 1629 1157 1677 eam
1181 1629 1255 1676 esse
1278 1629 1352 1691 pos·

182 1717 344 1783 sessivam
360 1737 431 1784 eum
448 1737 506 1800 pro
524 1720 693 1801 explorato
709 1720 899 1804 habeamus,
923 1719 982 1784 hos
999 1719 1035 1785 ll.
1052 1717 1223 1784 Plautinos
1240 1715 1352 1782 afferri

181 1842 319 1890 neeesse
342 1844 416 1892 esse
440 1826 634 1892 censuimus.
716 1843 719 1848 ’

270 1932 511 2016 Negotium:
542 1935 661 2018 Ampe.
688 1936 789 2015 1035,
821 1934 897 1998 Aur.
923 1936 1001 2014 439,
1035 1933 1130 1997 uere.
1159 1935 1238 2012 279,
1271 1935 1351 2012 326,

184 2041 264 2122 328,
296 2039 391 2104 Most.
421 2043 504 2119 844,·
536 2040 614 2121 quid
637 2041 793 2124 negoti?:
818 2042 937 2125 Anapis.
967 2044 1047 2122 350,
1080 2040 1154 2104 4111.
1180 2042 1260 2119 427,
1285 2039 1348 2122 Ep.
1411 2071 1416 2078 ·

181 2147 257 2226 499,
282 2146 354 2212 Mil.
380 2151 449 2229 441,
475 2149 569 2215 Most.
599 2151 675 2232 945,
704 2150 903 2231 7111111001,
930 2150 1022 2214 maa.
1040 2152 1124 2228 281,
1149 2146 1264 2230 negoti
1287 2147 1350 2213 nil:

183 2252 270 2316 111111.
294 2257 374 2319 458.

272 2359 379 2441 Lucia,
404 2382 487 2444 quae
511 2370 703 2450 sequuntur,
726 2385 867 2447 persona
883 2365 998 2432 addita
1014 2371 1076 2449 est,
1101 2384 1187 2430 eum
1210 2383 1275 2443 qua
1300 2363 1352 2428 oui

183 2465 350 2548 negotium
382 2476 448 2537 est:
480 2470 647 2553 negotium
680 2490 752 2538 eum
784 2521 825 2536 ..
852 2497 877 2538 ,ε
908 2474 1000 2538 loeus
1030 2471 1193 2554 reperitur
1224 2471 1351 2556 nullds3

181 2573 259 2652 quid
282 2574 395 2657 negoti
420 2596 491 2642 eum
516 2628 524 2643 .
549 2630 556 2644 .
584 2582 632 2645 .?:
668 2579 738 2644 Cos.
767 2583 820 2661 97,
854 2584 929 2661 674,
960 2579 1048 2644 Men.
1076 2581 1219 2660 369170,
1250 2579 1347 2644 Poma.

182 2683 288 2759 1306,·
314 2683 427 2766 negoti
450 2685 497 2749 nil
522 2704 593 2751 cum
619 2735 626 2750 .
653 2736 660 2751 .
686 2711 711 2752 .:
741 2687 833 2751 Oura.
859 2690 938 2752 465.

268 2790 381 2869 (1911.
407 2792 597 2874 ‘negotium’
623 2799 790 2860 structura
813 2814 900 2877 poss.
925 2795 1143 2880 exhibentes.)

265 2897 347 2964 Res
370 2919 434 2965 non
458 2900 557 2967 aliter
579 2903 721 2969 occurrit
744 2909 844 2985 atque
867 2903 981 2970 addita
996 2923 1146 2986 persona,
1172 2922 1259 2968 cum
1283 2924 1348 2984 qua

177 3003 231 3069 oui
260 3023 314 3072 res
345 3011 413 3073 est:
444 3006 576 3076 minime
606 3011 798 3094 mirandum,
829 3031 903 3078 narn
935 3012 963 3078 si
993 3011 1038 3076 nil
1063 3011 1251 3097 adderetur,
1283 3033 1348 3077 vox

176 3110 235 3176 illa
257 3115 346 3197 ‘res’‚
370 3113 491 3198 quippe
516 3116 608 3182 ouius
632 3117 684 3184 vis
708 3119 847 3184 maxime
872 3119 916 3184 sit
940 3118 1122 3202 multiplex,
1151 3123 1210 3184 aut
1233 3138 1346 3200 parum

177 3222 235 3283 aut
265 3220 349 3287 falso
379 3223 595 3305 acciperetur.
622 3265 662 3272 -
692 3226 759 3292 Res
790 3245 861 3291 cum
894 3278 901 3292 .
929 3275 935 3290 .
963 3251 988 3292 .:
1021 3227 1108 3290 Men.
1141 3229 1221 3306 482,
1256 3227 1344 3291 bria

178 3327 261 3404 219,·
286 3326 364 3408 quid
386 3329 435 3394 rei
459 3350 531 3397 oum
557 3383 563 3398 .
590 3384 596 3398 .
623 3336 656 3400 ,1
680 3332 877 3414 111111323,
902 3334 976 3414 494,
1000 3333 1098 3398 Poen.
1124 3335 1222 3397 1405.

265 3435 355 3514 (511.
380 3439 456 3502 ‘res’
484 3438 531 3521 [=
554 3439 736 3524 negotium]
762 3445 931 3506 structura
954 3459 1040 3522 poss.
1066 3440 1285 3524 exhibentes.)

266 3537 513 3624 Nondumquam
543 3564 601 3626 pro
629 3546 720 3625 ‘quid
744 3546 817 3632 (nil)
841 3547 901 3612 rei'
928 3547 982 3612 vel
1005 3546 1096 3628 ‘quid
1121 3547 1195 3631 (nil)
1220 3551 1345 3632 negoti'

176 3648 399 3716 tantummodo
429 3651 530 3731 ‘quid'
564 3652 663 3735 (‘nil’)
695 3658 807 3719 exstat
835 3673 986 3738 persona,
1019 3674 1090 3719 eum
1121 3675 1186 3735 qua
1216 3656 1269 3721 oui
1292 3677 1347 3722 res

175 3758 236 3836 ost,
260 3753 393 3822 addita:
418 3756 517 3838 quid
541 3778 628 3825 oum
654 3808 661 3822 .
687 3808 694 3824 .
721 3763 771 3826 ,11
800 3761 891 3824 Oura
921 3763 1000 3842 688,
1026 3762 1112 3826 Men.
1142 3765 1221 3844 826,
1246 3765 1343 3828 Poeu.

175 3861 268 3942 1344,
289 3861 387 3928 Stat.
404 3867 494 3944 333;
512 3867 573 3932 nil
597 3886 683 3933 cum
701 3917 707 3932 .
722 3920 730 3934 .
744 3893 770 3934 .:
799 3867 877 3933 Oiai.
899 3871 972 3949 646,
991 3870 1077 3933 Mau.
1099 3873 1174 3934 648.
1194 3873 1347 3956 (611)·-

262 3969 406 4038 Dativus
430 3974 725 4042 substantivis
749 3975 843 4041 illis
867 3975 1122 4044 verbalibus
1145 3978 1180 4045 in
1197 3978 1242 4044 -io
1259 3979 1345 4047 desi·

172 4074 356 4158 uentibusl)
380 4078 573 4147 coniunctus
598 4087 706 4149 utrum
731 4082 775 4149 sit
798 4102 877 4148 vere
901 4084 1112 4164 possessivus
1136 4105 1178 4151 an
1202 4107 1265 4152 non
1291 4088 1345 4172 sit,

220 4227 345 4376 2571))111
369 4237 463 4284 aarum
486 4229 593 4285 ratione
616 4248 643 4286 v.
668 4247 737 4299 quae
760 4240 951 4288 commemorat
974 4234 1104 4290 Jordan
1127 4237 1345 4307 (Η1111111Χ111,

173 4321 200 4373 p.
285 4349 290 4360 .
