3216 5022
785 351 802 412 7

740 441 846 448 ...μ--ι-

206 562 263 629 sed
293 562 327 628 id
357 561 428 628 fere
459 560 658 647 significare,
697 563 783 644 quod
821 559 1034 644 compositum
1072 559 1153 625 illud
1189 559 1379 626 ‘adesse’.

204 671 318 752 Neque
341 667 520 735 dissimiles
543 667 585 734 iis
609 688 689 751 quos
707 669 801 735 modo
817 667 991 752 attigimus
1008 666 1091 734 locis
1109 670 1187 733 sunt
1202 666 1253 734 hi:
1278 667 1377 732 Poea.

208 777 363 849 255156:
389 775 485 842 Diem
510 777 668 860 pulcram
699 780 728 840 ei
754 777 904 842 celebrem
927 781 957 840 ot
979 775 1168 839 mndsioiis
1187 777 1347 859 pliorem:
1374 771 1378 860 Ι

206 883 358 966 Dipoina
389 883 508 948 Veneri
526 884 592 968 pol,
616 883 695 968 quoi
715 888 797 948 sarri
820 868 1024 967 Aphrodisia
1047 881 1150 946 bodio.
1190 881 1283 947 bno.
1300 883 1380 964 619:

206 1011 275 1054 roeo
297 990 367 1054 illie
388 993 482 1054 odae
503 996 584 1055 suot
606 991 709 1075 copiti
731 991 874 1056 monitio.
923 990 987 1057 His
1011 990 1138 1056 duobus
1168 989 1253 1056 locis
1284 988 1380 1055 verbi

208 1098 310 1163 subst.
335 1095 534 1180 significatio
558 1098 613 1164 vel
635 1096 782 1180 proxime
805 1095 936 1163 accedit
958 1095 1182 1164 eductionem
1198 1094 1380 1180 germanici

208 1203 362 1270 vocabuli
389 1205 710 1286 „stattfiuden“.

299 1312 333 1392 d)
359 1311 431 1378 Cos.
452 1315 545 1377 802:
570 1313 632 1378 libi
653 1334 747 1378 amor
765 1316 828 1397 pro
844 1312 952 1377 oibost.
987 1311 1060 1378 Hoc
1075 1312 1146 1378 loco
1162 1311 1254 1377 verb.
1273 1311 1378 1377 subst.

208 1437 346 1500 aequam
376 1419 444 1485 vim
473 1420 596 1486 babere
625 1419 759 1486 videtur
789 1439 828 1484 ae
859 1419 1041 1485 ‘valere’.
1089 1418 1280 1500 Eademque
1310 1417 1381 1484 fere

210 1525 261 1591 vis
292 1525 322 1591 ei
352 1526 565 1593 attribuenda
595 1527 641 1594 sit
670 1527 768 1592 Poro.
794 1528 905 1591 1002:
939 1527 991 1591 Mo
1020 1527 1082 1591 bar
1111 1524 1205 1590 bocco
1236 1527 1381 1610 (,‚armer

210 1633 371 1714 Sohund).
397 1674 438 1682 -
462 1635 552 1698 Istuc
576 1634 635 1699 libi
655 1635 701 1698 eit
718 1635 832 1719 potius
855 1638 956 1718 quidm
979 1633 1072 1698 olibi.

300 1739 332 1825 e)
356 1741 461 1824 Coget
483 1760 602 1825 agmen
622 1740 745 1807 locutio
760 1740 820 1807 illa
843 1741 890 1807 ‘in
905 1747 1051 1808 mentem
1067 1739 1145 1806 mihi
1166 1743 1228 1806 est’
1244 1738 1378 1823 (Amph.

212 1848 288 1926 180,
329 1849 398 1929 710,
433 1849 549 1917 Baocb.
582 1850 658 1930 130,
693 1849 761 1928 161,
797 1846 903 1931 alibi),
939 1847 994 1914 ubi
1028 1849 1120 1914 verb.
1156 1849 1262 1914 subst.
1298 1845 1381 1911 nihil

210 1952 408 2020 addictionis
433 1953 624 2039 significare
646 1953 856 2037 perspicuum
880 1957 941 2020 est.

163 2040 171 2061 ⁹
298 2062 493 2145 Segregatis
524 2061 629 2146 igitur
658 2061 710 2127 his
741 2062 960 2145 exemplorum
990 2061 1176 2147 generibus,
1207 2058 1264 2127 ubi
1286 2061 1379 2125 verb.

210 2167 314 2234 subst.
340 2187 412 2234 cum
436 2168 549 2235 dativo
573 2168 619 2235 sit
643 2169 851 2235 coniunctum
874 2168 931 2234 ille
955 2166 1095 2255 quidem,
1127 2169 1186 2235 sed
1215 2186 1279 2233 non
1308 2184 1379 2231 curn

210 2274 408 2360 possessivo,
432 2275 667 2359 aggrediamur
689 2276 731 2342 ad
749 2295 804 2342 eos
820 2276 910 2342 locos
926 2274 1108 2360 Plautinos
1133 2274 1249 2356 quibus
1265 2271 1379 2357 genui-

211 2399 272 2444 nus
297 2380 430 2448 dativus
453 2381 662 2463 possessivus
686 2381 838 2465 occurrit,
862 2381 1074 2463 proferendos
1092 2382 1252 2464 simulque
1268 2378 1380 2446 Plauti

209 2486 244 2554 in
275 2489 338 2553 bac
367 2508 404 2553 re
435 2507 528 2555 usum
559 2507 630 2555 cum
653 2489 742 2556 Tulli
773 2488 1009 2556 consuetudine
1033 2489 1294 2571 comparandum.
1341 2486 1380 2553 Id

209 2615 273 2677 quo
296 2594 430 2662 facilius
453 2595 560 2677 possit
581 2596 664 2680 fieri,
696 2616 767 2663 eam
798 2616 895 2679 quam
919 2597 994 2663 Sch.
1017 2595 1053 2662 in
1084 2594 1274 2680 digerendis
1297 2595 1379 2660 locis

209 2701 433 2770 Ciceronianis
472 2702 620 2770 instituit
658 2703 907 2786 dispositionem
946 2702 1156 2785 eiusdemque
1195 2703 1306 2784 capita
1340 2721 1380 2767 ae

208 2810 322 2877 titulos
347 2809 499 2893 quamvis
523 2812 661 2878 moleste
685 2830 926 2892 nonnumquam
956 2810 1102 2877 ferentes
1133 2809 1380 2892 servavimus.¹)

295 3767 317 3834 ¹)
335 3767 404 3820 Earn
417 3767 604 3820 tantummodo
619 3765 832 3832 distinctionem,
847 3782 928 3833 quem
938 3765 998 3820 Sch.
1013 3765 1083 3819 feeit
1096 3764 1168 3820 inter
1181 3765 1379 3834 possessionem

204 3845 377 3902 ‘absolutam'
409 3852 437 3901 et
464 3847 698 3902 ‘determinatam’
725 3845 795 3914 (Seh.
820 3863 846 3915 p.
873 3850 974 3912 lolli),
1001 3845 1200 3915 neglegendam
1220 3862 1279 3900 esee
1301 3844 1378 3902 uobis

205 3925 293 3982 visum
311 3932 361 3982 est.
398 3928 470 3982 Nam
492 3927 561 3981 illud
585 3932 629 3982 est
652 3933 828 3997 praeceptum
851 3927 960 3994 quidem
978 3943 1043 3982 sane
1062 3927 1205 3996 pulchrum
1225 3943 1256 3980 ac
1276 3926 1378 3980 subtile

205 4011 241 4073 et,
261 4009 349 4074 quoad
368 4012 459 4062 artem
476 4012 594 4076 spectes,
613 4009 728 4062 multum
741 4007 879 4076 probabile
892 4007 989 4075 nubea
1008 4008 1056 4062 eed
1071 4007 1094 4061 si
1109 4007 1145 4060 ed
1160 4005 1378 4075 experimentum

204 4087 232 4140 id
250 4103 361 4142 revoces
380 4093 410 4142 et
429 4087 569 4156 scriptoris
588 4088 659 4142 locos
678 4105 711 4143 ea
724 4088 831 4144 ratione
845 4087 915 4144 velis
928 4087 1062 4158 digerere,
1081 4088 1231 4156 permultos
1244 4085 1377 4154 invenias,

204 4167 250 4236 qui
268 4173 361 4222 utrum
384 4168 560 4223 ‘absolutam’
588 4185 622 4222 an
645 4168 879 4224 ‘determinatam'
901 4169 1096 4237 possessionem
1115 4169 1281 4235 contineant,
1304 4167 1379 4221 nullo

203 4249 281 4303 modo
305 4249 373 4303 satis
397 4254 473 4304 certe
496 4249 582 4318 possit
607 4249 760 4304 diiudicari.
797 4249 891 4316 Neque
917 4248 1077 4319 persuaderi
1094 4249 1171 4304 nobis
1191 4249 1284 4318 potuit
1301 4247 1377 4301 illem

204 4329 407 4385 distinctionem
425 4329 508 4385 ullius
527 4329 655 4385 momenti
674 4343 734 4384 esse
753 4330 789 4384 ad
808 4329 898 4386 dativi
916 4346 988 4398 poss.
1007 4345 1092 4384 usum.
