3216 5022
836 304 877 370 30

271 516 441 598 aliquanto
471 517 579 586 rarius
610 519 717 599 (l2ies
741 551 776 571 =
799 515 860 602 5,(i
874 518 915 601 ⁰1,
931 537 1030 586 ·omn.
1055 519 1120 602 ex.)
1150 517 1316 601 reperitur
1346 536 1450 600 quam

271 627 358 707 apud
380 626 433 691 Ρ1.·
457 626 593 710 (43ies¹)
616 624 805 710 =13,7010
831 645 913 693 omn.
939 626 1014 708 en).

361 732 395 816 d)
420 733 473 797 Ex
503 732 546 798 iis
578 751 659 814 quos
689 733 781 798 modo
812 733 1008 815 protulimus
1033 733 1171 799 calculis
1195 738 1229 799 et
1253 733 1449 800 Ciceronem

274 843 307 904 st
322 840 475 905 Plautum
499 841 596 922 plura
611 841 840 906 abstracta
856 859 951 920 qnam
970 840 1152 924 concreta²)
1177 859 1249 906 cum
1266 841 1334 907 dat.
1351 860 1444 922 poss.

273 947 472 1030 coniungere
495 947 646 1014 efficitur.
683 949 807 1013 Tamen
830 947 884 1012 hic
908 948 1009 1012 multo
1032 946 1139 1013 minus
1157 966 1253 1026 quam
1269 946 1326 1012 ille
1342 946 1446 1012 etiam

272 1062 425 1120 concreta
449 1055 562 1120 dativo
586 1073 672 1136 poss.
697 1055 819 1120 addere
843 1053 983 1120 dubitat.
1018 1055 1099 1120 Nam
1123 1053 1210 1135 apud
1228 1052 1294 1119 Cic.
1312 1052 1446 1132 quidem

271 1159 303 1225 in
330 1163 589 1227 anachoraeta
614 1165 654 1226 27
681 1167 835 1228 concreta
859 1162 991 1245 cadunt,
1020 1160 1041 1228 i.
1067 1181 1094 1227 e.
1120 1158 1256 1244 88311ο
1281 1180 1364 1226 omn.
1390 1179 1444 1225 ex.

271 1272 348 1333 sunt
371 1270 552 1350 abstracta,
577 1270 664 1350 apud
687 1269 736 1334 Pl.
754 1288 834 1334 vcro
851 1269 975 1335 cadunt
990 1267 1025 1333 in
1045 1270 1135 1350 187¹)
1160 1269 1331 1334 abstracta
1351 1269 1445 1349 128¹)

271 1384 434 1462 concreta,
459 1376 480 1440 i.
506 1395 533 1441 e.
559 1373 699 1460 511401ο
723 1395 806 1442 omn.
832 1395 883 1443 er.
908 1377 1081 1442 abstracta
1106 1380 1193 1444 sunt.

697 1609 1015 1618 W

358 1788 483 1854 Harnm
507 1791 674 1853 tantarum
691 1785 995 1851 dissimilitudinum
1020 1803 1187 1850 cansam
1210 1790 1341 1865 atque
1366 1785 1443 1850 ori-

270 1893 407 1975 ginem
438 1893 647 1973 inquisituris
678 1892 773 1958 nobis
803 1894 926 1976 obstat,
965 1892 1050 1972 quod
1080 1897 1214 1974 praeter
1252 1891 1441 1958 Ciceronem

269 2002 391 2068 nullius
422 2001 530 2067 adhuc
558 2000 729 2082 scriptoris
753 2001 787 2066 in
810 2001 869 2066 illa
891 2019 927 2065 re
952 2018 1031 2064 usus
1056 2005 1110 2065 est
1132 1997 1216 2065 satis
1240 2000 1441 2081 exploratae.

270 2111 387 2190 Itaque
404 2108 482 2190 quid
497 2107 646 2174 universi
664 2106 823 2174 sermonis
839 2105 937 2172 latini
952 2112 1091 2172 naturae
1104 2111 1203 2186 atque
1215 2107 1440 2192 incrementis

269 2237 353 2298 quae
390 2216 455 2282 nisi
492 2235 532 2282 ex
570 2215 710 2281 omnium
742 2214 898 2296 deinceps
930 2214 1125 2294 scriptorum
1157 2213 1251 2279 libris
1282 2221 1441 2280 accurate

269 2323 423 2407 cognosci
454 2343 518 2389 non
549 2327 697 2405 possunt,
730 2320 808 2402 quid
840 2319 1002 2403 singulari
1034 2324 1068 2386 et
1098 2320 1250 2402 propriae
1282 2321 1371 2385 Tulli
1400 2340 1439 2386 ac

268 2430 380 2496 Plauti
406 2428 635 2496 consuetudini
658 2428 866 2494 tribuendum
891 2429 945 2510 sit,
970 2427 1068 2510 plane
1085 2428 1283 2510 ignoramus.
1320 2429 1441 2493 Eorum

268 2541 378 2604 autem
402 2535 607 2618 potissimum
632 2535 838 2619 scriptorum,
871 2535 927 2615 qni
955 2535 1043 2600 inter
1065 2536 1115 2600 Pl.
1141 2541 1175 2601 et
1199 2535 1264 2602 Cic.
1288 2536 1382 2614 quasi
1405 2536 1439 2600 in

267 2644 372 2710 medio
389 2648 476 2726 suut,
501 2643 676 2725 Terentib,
698 2641 844 2725 Lucreti,
862 2641 1019 2708 Varronis
1035 2641 1195 2726 inprimis,
1221 2661 1311 2708 usum
1329 2641 1438 2722 explo-

267 2771 361 2816 rasse
391 2750 524 2816 maximi
554 2749 597 2814 ad
627 2755 773 2814 nostram
804 2748 1059 2830 disputationem
1089 2749 1244 2816 momenti
1274 2749 1327 2814 sit.
1374 2748 1440 2814 Sed

267 2858 418 2939 quoniam
449 2857 607 2923 eiusmodi
638 2855 748 2922 studia
779 2856 886 2922 adhuc
910 2856 1151 2940 desiderantur,
1183 2876 1232 2940 ea,
1264 2875 1349 2936 quas
1373 2855 1437 2920 iam

267 2963 428 3045 prolaturi
459 2982 579 3046 sumus,
611 2981 675 3028 non
705 2962 884 3044 poterimus
916 2949 1065 3028 statuere
1094 2962 1161 3028 nisi
1184 2961 1381 3044 suspicionis
1405 2969 1440 3026 et

268 3072 477 3138 coniecturae
500 3069 639 3136 nomine.

356 3178 497 3245 Videtur
527 3182 637 3244 autem
668 3178 789 3244 locutio
817 3173 885 3244 ‘res
916 3183 969 3244 est
998 3168 1086 3243 mihi’
1112 3177 1318 3244 sermonis
1351 3176 1435 3240 vul-

267 3287 384 3370 garis
415 3305 441 3351 s.
473 3285 613 3367 plebei
645 3291 680 3351 et
711 3286 916 3351 sermonis
947 3283 1160 3352 cotidiani
1191 3285 1329 3350 maxime
1361 3302 1435 3348 esse

266 3393 408 3476 propria.
440 3393 552 3458 Habet
576 3391 661 3457 enim
684 3391 744 3456 illa
768 3398 802 3456 et
825 3391 950 3472 aliquid
966 3394 1047 3458 rude
1063 3392 1324 3476 inchoatumque,
1349 3389 1435 3470 quod

266 3504 299 3568 in
316 3519 495 3567 sermonem
511 3499 713 3565 indoctorum
729 3498 892 3564 bominum
908 3499 1041 3565 videtur
1054 3499 1239 3584 convenire,
1265 3504 1299 3564 et
1313 3515 1435 3580 vagum

264 3609 390 3690 aliquid
413 3626 592 3690 parumque
616 3611 816 3691 accuratum,
840 3607 873 3673 id
897 3606 982 3688 quod
1008 3606 1163 3672 cotidiani
1187 3605 1345 3672 sermonis
1361 3623 1435 3686 pro·

265 3718 371 3800 prium
401 3715 445 3780 sit
474 3714 665 3796 putandum.
713 3715 861 3794 Namque
891 3713 1029 3796 primum
1054 3714 1184 3793 quidem
1207 3713 1241 3779 in
1265 3712 1323 3778 illa
1346 3714 1435 3777 locu·

265 3825 353 3890 tione
370 3822 565 3904 simpliciter
586 3811 683 3887 ‘esse'
708 3821 832 3902 aliquid
850 3821 1008 3887 statuitur
1031 3815 1053 3906 C
1056 3839 1110 3888 res
1127 3812 1213 3906 est'),
1238 3841 1296 3902 pro
1312 3837 1434 3900 appen-

354 3969 374 4024 ¹)
393 3965 445 4019 Hic
463 3981 591 4020 numerus
611 3963 775 4032 compositus
794 3968 837 4017 est
852 3979 888 4017 ex
907 3963 1132 4031 praecedentibus
1152 3964 1174 4017 1.
1195 3968 1224 4016 at
1246 3963 1280 4017 [Ι.
1300 3961 1434 4030 partibus.

355 4047 377 4115 ²)
397 4048 427 4100 In
452 4046 502 4099 hac
525 4045 643 4099 omnium
667 4045 803 4098 nominum
825 4044 1001 4113 bipertitione
1026 4045 1111 4098 etiam
1134 4059 1298 4112 personae
1321 4044 1349 4098 in
1373 4058 1436 4096 con-

265 4131 401 4182 cretorum
419 4141 530 4180 numero
549 4125 713 4179 referuntur.

355 4206 375 4270 ³)
394 4205 482 4259 Huius
502 4205 609 4272 quidem
628 4205 656 4258 in
674 4205 723 4259 ilia
741 4222 771 4258 re
791 4222 868 4260 nsum
887 4222 948 4260 cnm
966 4207 1113 4261 secundnm
1132 4206 1226 4261 Peinei
1245 4206 1313 4262 illud
1336 4204 1435 4260 dubiae

264 4287 325 4341 ddei
344 4303 410 4356 opus
429 4292 630 4353 exeriteromus,
657 4303 673 4340 a
691 4286 820 4341 Plautino
844 4287 917 4340 heard
941 4287 1021 4356 longe
1040 4287 1149 4342 differre
1169 4288 1255 4344 videri
1274 4288 1435 4344 invenimus.
