3216 5022
751 405 769 465 5

174 613 381 679 extrinsecus
406 614 638 694 quodammodo
662 615 820 682 adiectas.
869 614 1068 682 Aretissima
1091 619 1201 679 autem
1232 633 1345 679 neces-

175 721 329 800 sariaque
353 705 505 786 iunctura
530 721 663 786 tertium
690 742 801 788 casum
819 742 975 789 conexum
994 721 1137 788 inveniri
1154 741 1227 786 cum
1242 719 1346 785 notio·

162 827 268 893 'nibus
293 828 485 908 quibusdam
510 848 592 908 quas
617 835 738 894 vocant
761 830 923 913 relativis,
948 829 1126 908 inquibus
1151 827 1226 892 sint'
1242 827 1346 892 verba

175 956 223 1018 66,
256 955 339 1016 quae
371 935 423 1000 661
454 934 696 1016 possessionem
726 937 866 1002 alicuius
890 937 940 1002 rei
964 937 1035 1001 dari
1063 936 1221 1018 indicent,
1252 934 1347 999 velut

174 1043 289 1124 ‘dare³‚
313 1043 494 1124 tribuere,
519 1042 726 1126 obtingere,
756 1044 948 1128 ‘obvenire’,
974 1043 1094 1110 similia
1119 1042 1264 1126 („Verba
1288 1042 1347 1105 der

176 1150 416 1232 Zrieignung“).
456 1150 650 1215 Sructurao
674 1149 778 1233 igitur
803 1151 909 1216 dativi
932 1170 1019 1232 poss.
1047 1169 1118 1215 cum
1143 1150 1245 1214 verbo
1269 1148 1345 1214 sub-

177 1257 321 1322 stantivo
353 1257 468 1322 conexi
497 1256 531 1320 id
555 1275 630 1322 esse
660 1257 834 1341 proprium,
867 1263 904 1323 ut
934 1259 1068 1323 verbum
1102 1254 1347 1322 substantivum

175 1367 271 1429 ‘esse'
304 1364 398 1429 verbi
428 1364 518 1428 illius
550 1363 682 1446 generis
713 1364 787 1430 vice
810 1364 979 1446 fungatur,
1010 1363 1347 1430 1661611666-

175 1474 264 1536 bum
288 1470 566 1536 addictionis’
593 1471 807 1552 („Vorbum
829 1470 1218 1554 dc1¹Zueignung“);
1243 1487 1347 1549 neque

178 1580 282 1645 minus
306 1581 377 1660 hoc,
401 1583 439 1642 ut
461 1577 519 1643 illa
542 1578 615 1660 ipsa
632 1578 829 1643 addictionis
846 1578 974 1644 ratione
990 1579 1125 1643 verbum
1144 1578 1247 1642 subst.
1275 1594 1345 1640 omn

169 1671 292 1752 ‘dativo
316 1685 565 1750 necessaria
588 1685 790 1751 iunctura
816 1690 1072 1768 coagmentetur.
1119 1686 1196 1749 ‘Est
1219 1683 1346 1766 igitur',
1407 1757 1410 1763 ¹

179 1793 229 1857 ait
258 1793 331 1857 sen.
363 1791 396 1857 in
429 1797 573 1858 extrema
604 1792 662 1858 illa
693 1813 787 1872 quam
821 1794 1091 1874 transcripsimus
1122 1790 1346 1872 disputatione

105 1983 107 1987 Ι
180 1902 222 1982 (p.
252 1901 314 1982 12),
345 1900 442 1980 ‘qnod
473 1920 512 1964 ea
543 1901 764 1965 tantummodo
798 1901 891 1980 quasi
923 1921 1004 1966 vera
1029 1907 1063 1967 61
1086 1899 1228 1982 genuina
1252 1895 1347 1961 verbi
1386 1931 1389 1938 ·

179 2009 281 2072 subst.
308 2025 378 2071 cum
403 2007 515 2070 dativo
539 2026 625 2087 poss.
652 2007 853 2073 constructio
880 2013 1057 2089 statuatur,
1082 2027 1145 2087 qua
1170 2003 1346 2070 dativus

177 2118 301 2196 aptus
326 2113 383 2178 sit
408 2133 456 2178 ex
480 2115 569 2178 solo
593 2117 720 2179 verbo
738 2111 1343 2196 substantivoperseposito?

266 2220 382 2284 Dativi
414 2239 501 2300 poss.
533 2228 653 2286 natura
684 2226 718 2286 61
747 2221 881 2302 regione
914 2222 961 2287 sic
993 2221 1127 2286 definita
1157 2218 1256 2284 facile
1294 2220 1347 2281 661

178 2327 350 2391 1616116616
375 2346 470 2405 quam
488 2327 744 2410 diligentissime
761 2328 837 2394 inde
855 2329 1074 2394 secernendus
1092 2347 1166 2392 6666
1183 2331 1216 2391 61
1234 2342 1345 2404 segre-

178 2433 305 2516 gandas
330 2435 390 2496 has
415 2433 559 2499 rationes
583 2454 604 2499 a
627 2436 771 2517 genuina
802 2441 971 2501 structura
1002 2454 1088 2516 poss.
1114 2435 1345 2499 abhorrentes:

271 2545 297 2605 l.
323 2539 526 2605 ereberrime
556 2543 648 2607 verb.
675 2543 778 2607 subst.
812 2562 883 2607 oum
915 2542 1027 2607 dativo
1060 2541 1267 2606 coniunctum
1298 2539 1347 2602 ita

176 2647 329 2730 occurrit,
355 2653 391 2711 ut
415 2666 519 2727 neque
542 2648 587 2713 sit
612 2649 744 2714 verbum
770 2649 967 2715 addictionis
991 2669 1096 2729 neque
1120 2668 1178 2729 per
1202 2668 1237 2712 sc
1260 2645 1345 2727 posi·

176 2763 255 2839 tum,
289 2755 346 2820 sed
378 2754 601 2820 666611611
633 2756 810 2837 copulae
842 2756 922 2821 vim
946 2759 1078 2838 lrabeat,
1111 2755 1204 2819 velut
1228 2754 1343 2816 116661.

174 2867 259 2926 1112.-
287 2862 436 2943 661666
460 2884 506 2924 66
531 2868 566 2924 ln
590 2863 675 2925 66111
698 2868 810 2926 661666
835 2865 920 2945 csl')
958 2863 1101 2945 (Similes
1118 2863 1198 2927 loci:
1224 2860 1344 2942 drnplr.

177 2973 255 3049 666,
289 2971 362 3050 aar,
396 2969 490 3032 Astu.
526 2952 605 3047 666,
643 2970 732 3052 (apt.
762 2973 842 3049 aaa,
876 2973 962 3050 1011,
996 2972 1082 3038 666,
1117 2972 1212 3048 roeo,
1246 2969 1345 3046 moa,

179 3078 268 3154 nos,
293 3078 378 3156 1111,
405 3077 476 3140 66.
506 3079 558 3156 66,
585 3077 700 3140 Paua
731 3077 1023 3160 6166661616.)
1070 3079 1132 3142 His
1156 3076 1236 3141 locis
1261 3073 1344 3138 uati-

176 3203 249 3246 vum
282 3202 345 3247 non
377 3205 416 3248 ex
448 3185 547 3248 verbo
579 3187 688 3268 ‘esse'‚
722 3185 780 3248 sed
807 3205 847 3248 ex
872 3185 1033 3249 nomine
1066 3181 1345 3249 substantivo

176 3289 400 3370 praedicative
430 3291 538 3372 posito
570 3297 694 3371 aptum·
715 3310 788 3356 esse
820 3296 967 3372 apparet.
1014 3293 1258 3369 Nonnumquam
1288 3307 1345 3369 pro

174 3397 304 3462 nomine
335 3397 544 3462 substantivo
576 3398 609 3462 16
643 3397 836 3480 praedicato
867 3398 1130 3462 adiectivum
1160 3395 1344 3462 invenitur:

177 3506 270 3568 Most.
300 3508 389 3568 801:
415 3506 492 3568 Nisi
517 3506 608 3568 tlotst
629 3507 886 3570 incorrtmodum.
925 3505 1114 3571 Simillimus
1137 3506 1228 3569 lotus
1246 3505 1342 3566 Marc.

175 3615 303 3692 918119.
357 3613 433 3676 cist.
474 3616 565 3676 537:
604 3665 610 3676 .
640 3665 645 3677 .
675 3665 681 3676 .
722 3613 900 3676 Commune
935 3633 1077 3694 6666666
1111 3613 1248 3674 166666
1280 3610 1346 3672 siut

173 3721 347 3801 66661666.
386 3721 435 3784 Ν6
458 3719 509 3784 his
534 3720 663 3799 quidem
687 3719 769 3784 locis
794 3719 926 3784 dativus
951 3739 991 3783 ex
1014 3722 1111 3784 ‘esse'
1130 3718 1261 3800 pendet,
1287 3718 1345 3782 sed

174 3847 214 3891 ex
237 3825 413 3892 adiectivis
438 3826 505 3890 illis
529 3827 777 3910 praedicativis,
811 3827 929 3906 quibus
959 3825 1168 3890 necessariae
1192 3824 1343 3890 determi-

173 3933 314 3998 nationis
346 3933 416 3997 loco
447 3933 581 3998 additus
605 3939 666 3998 est.
714 3933 835 3999 Rarius
860 3933 893 3996 in
919 3933 1109 4013 praedicato
1134 3932 1343 4012 pronomine

173 4039 391 4119 particula
422 4040 533 4119 aliqua
564 4041 737 4124 reperitur,
777 4059 914 4120 quacum
946 4041 1037 4105 verb.
1072 4042 1174 4104 subst.
1209 4039 1343 4120 copulae

172 4145 206 4208 vi
231 4147 416 4227 praeditum
442 4148 486 4211 sit
511 4148 728 4213 coniunctum.
766 4149 864 4212 Tales
883 4147 947 4212 loci
965 4153 1043 4211 sunt
1059 4147 1108 4211 hi:
1135 4145 1228 4210 Most.
1250 4149 1341 4208 221:

265 4297 282 4359 ¹)
302 4296 394 4364 Longe
415 4296 495 4349 aliter
515 4314 543 4350 sc
563 4297 645 4349 hauet
664 4312 707 4350 res
726 4299 802 4364 Cupi.
823 4304 891 4351 580:
911 4329 943 4335 -
964 4319 1045 4366 raeque
1055 4302 1166 4368 praeter
1180 4317 1206 4350 66
1221 4317 1343 4364 nimquam

171 4379 196 4429 ei
215 4378 305 4430 seruos
318 4382 430 4446 1161-
452 4377 603 4443 ceterisque
622 4377 696 4444 locis,
717 4393 781 4444 quos
800 4394 825 4432 v.
845 4378 862 4432 i.
883 4381 887 4386 “
