3216 5022
268 1243 316 1308 De
340 1241 452 1308 dativo
476 1260 572 1322 quem
596 1238 804 1323 grammatici
820 1241 943 1304 vocant
958 1237 1348 1322 possessivosmpnkp)

177 1349 425 1416 accuratissimo
449 1355 549 1429 atque
574 1346 821 1432 elegantissimo
844 1346 1000 1428 opusculo
1024 1344 1073 1412 ita
1094 1344 1289 1429 disputavit,
1313 1349 1351 1408 ut

177 1457 273 1524 huius
305 1457 438 1540 generis
469 1454 563 1523 tertii
595 1475 692 1521 casus
724 1460 759 1520 et
789 1459 909 1520 natura
941 1459 975 1518 et
998 1472 1077 1519 usus
1100 1472 1186 1518 nova
1210 1453 1349 1533 quadam

177 1565 250 1630 luce
275 1569 309 1629 et
333 1583 373 1630 ea
397 1563 537 1629 clariore
561 1563 795 1628 illustraretur.
833 1560 1043 1627 Examinatis
1061 1560 1145 1626 enim
1162 1559 1256 1626 initio
1273 1558 1352 1625 libri

180 1671 468 1753 grammaticorum
491 1670 690 1753 praeceptis,
720 1689 854 1752 quorum
880 1669 978 1736 alteri
1002 1668 1219 1751 dativiposs.
1245 1674 1351 1733 struc-

181 1783 257 1841 tura
280 1775 453 1842 occasione
476 1783 605 1860 partam
629 1776 869 1858 possessionem
893 1795 1002 1842 rerum
1019 1781 1240 1859 externarum,
1264 1780 1352 1840 trac-

180 1883 332 1950 tabilium
357 1887 474 1964 (neque
498 1904 606 1951 rernm
622 1884 722 1951 animi
738 1885 792 1950 vel
810 1883 955 1966 corporis
972 1883 1189 1966 propriarum)
1213 1881 1354 1947 indicari

179 1990 345 2055 affirment
371 2010 497 2072 -quo
536 1990 570 2057 in
607 2011 740 2057 numero
779 1996 856 2056 sunt
891 1989 1145 2073 vulgatissimae
1176 1988 1352 2056 Ellendtii-

180 2095 348 2180 Seyffertii
379 2096 456 2162 libri
488 2096 650 2164 editiones
681 2097 850 2179 priores
881 2135 921 2144 -
953 2097 1052 2163 alteri
1085 2097 1234 2162 dativum
1265 2115 1354 2177 poss.

181 2204 230 2269 ita
254 2201 408 2284 usurpari
430 2202 586 2288 iudicent,
616 2209 653 2268 ut
677 2204 779 2269 maior
801 2203 854 2269 vis
879 2203 1046 2269 tribuatur
1069 2204 1109 2287 ei,
1141 2203 1227 2284 quod
1250 2202 1354 2285 possi-

184 2312 291 2393 detur,
322 2329 418 2390 quam
450 2311 491 2395 ei,
524 2310 579 2392 qui
609 2311 757 2393 possidet
782 2311 881 2378 -id
912 2311 999 2391 quod
1029 2311 1178 2393 inprimis
1210 2310 1355 2377 eiusdem

184 2417 455 2498 posteriores
488 2418 648 2485 editiones
680 2419 864 2504 exhibend)
891 2460 931 2468 —
956 2419 1031 2486 Sch.
1056 2419 1290 2503 grammaticos
1315 2438 1356 2484 ne

185 2525 335 2606 exempla
359 2524 499 2609 quidem,
531 2545 614 2607 quae
644 2526 686 2592 ad
714 2531 893 2608 praecepta
916 2526 975 2592 illa
998 2521 1197 2592 illustranda
1220 2545 1260 2591 ac
1283 2545 1356 2607 pro·

185 2633 295 2698 banda
318 2631 498 2717 proferant,
530 2633 571 2699 de
602 2653 659 2699 suo
690 2653 851 2716 quemque
881 2635 961 2700 dare
993 2635 1098 2720 docet,
1130 2635 1250 2716 quippe
1273 2652 1357 2715 quae

184 2738 304 2820 ubique
334 2739 402 2806 sint
434 2739 547 2806 eadem
579 2747 613 2806 et
636 2741 766 2807 omnino
790 2740 999 2826 paucissima,
1031 2760 1207 2822 eorumque
1230 2744 1358 2820 partem

184 2867 258 2914 esse
290 2849 377 2914 ultro
408 2867 428 2914 a
458 2849 686 2932 grammaticis
716 2850 831 2916 fictam
862 2852 969 2934 (velut
998 2849 1099 2933 ‘patri
1130 2848 1243 2913 domus
1282 2849 1357 2932 est',

84 3036 86 3042 Ι
185 2954 277 3021 ‘mihi
300 2953 378 3021 libri
402 2959 516 3040 sunt),
546 2961 673 3039 partem
705 2957 838 3023 aliunde
869 2957 1007 3040 petitam
1037 2955 1170 3038 exponit
1193 2958 1294 3034 atque
1319 2972 1360 3018 ex

186 3061 278 3128 libris
301 3063 584 3143 praestantissimi
606 3063 696 3130 illius
722 3064 895 3146 scriptoris
920 3063 1098 3132 Ciceronis.

275 3169 383 3237 Huius
406 3169 510 3254 igitur
533 3171 567 3237 in
591 3191 630 3238 ea
646 3192 683 3239 re
700 3172 969 3239 consuetudinem
986 3174 1060 3239 Sch.
1078 3168 1358 3236 universadativi

189 3293 274 3357 poss.
300 3282 418 3344 natura
441 3277 645 3360 potissimum
670 3279 847 3346 secundum
872 3280 985 3345 Haase
1010 3279 1254 3361 (Vorlesungen
1278 3279 1359 3343 iiber

187 3383 246 3448 lat.
279 3382 598 3465 sprachwissensch.
631 3387 691 3453 Bd.
724 3387 771 3468 ll)
808 3386 940 3453 uberius
971 3406 1011 3452 ac
1048 3385 1154 3452 fusius
1193 3385 1359 3466 explicata

187 3489 441 3574 diligentissime
466 3492 601 3558 excutit.
637 3495 747 3576 Atque
763 3494 798 3560 hi
813 3494 877 3560 loci
894 3513 934 3560 ex
949 3494 1021 3575 ipso
1035 3493 1190 3559 Cicerone
1208 3493 1357 3573 excerpti

186 3602 389 3680 quantopere
420 3600 462 3664 ab
492 3599 560 3666 illis
591 3620 675 3681 quae
706 3602 792 3682 apud
824 3602 1056 3684 grammaticos
1081 3599 1357 3666 circumferuntur

186 3705 344 3788 exemplis
360 3705 559 3791 discrepent,
584 3713 619 3773 et
635 3714 837 3790 quantopere
853 3708 982 3774 illorum
998 3714 1248 3790 praeceptorum
1260 3705 1356 3771 fidem

186 3811 389 3898 imminuant,
422 3822 474 3880 est
504 3814 590 3894 quod
620 3820 732 3880 nostro
763 3814 834 3880 iure
865 3815 1036 3900 miremur3
1067 3814 1148 3880 illud
1179 3814 1298 3893 quibus
1322 3812 1356 3878 in

187 3919 337 3999 partibus
361 3921 501 3988 maxime
524 3922 593 4006 fiat,
619 3941 678 3988 suo
701 3922 771 3988 loco
797 3921 1127 3988 commemorabimus.

188 4035 364 4046 -..-..-.....—.

279 4080 298 4148 ¹)
316 4081 363 4134 Dr.
383 4081 416 4136 R.
436 4082 548 4149 Schenk,
572 4081 743 4148 Oberlehrer‚
768 4081 808 4134 Dc
833 4081 919 4135 dativi
943 4080 1085 4149 possessivi
1109 4097 1160 4134 usu
1183 4079 1357 4136 Ciceroniauo

186 4160 252 4228 pars
266 4161 288 4215 I.
325 4163 405 4230 Prgr.
424 4161 580 4230 Bergedorf
596 4163 638 4216 bei
658 4163 809 4230 Hamburg.
850 4167 925 4215 1892.

276 4241 297 4306 ¹)
318 4243 349 4294 In
367 4257 478 4296 numero
498 4242 536 4296 sic
555 4243 736 4297 iudicantium
755 4249 865 4312 practer
884 4259 928 4296 eos
948 4243 1084 4308 quosSch.
1105 4241 1202 4295 laudat
1221 4241 1303 4294 libros
1316 4247 1358 4294 est

186 4322 270 4375 etiam
289 4321 397 4388 Holtzq
418 4322 545 4390 syntaxis
565 4323 646 4391 prisc.
666 4323 772 4392 scriptt.
792 4323 840 4377 lat.
861 4323 883 4391 l,
903 4341 928 4392 p.
949 4329 1009 4378 296.

1220 4431 1250 4482 1*
